<?xml version="1.0" encoding="UTF-8"?>
<!-- Search-Engine-Total-Number-Of-Results: 829 -->
<collection xmlns="http://www.loc.gov/MARC21/slim">
<record>
  <controlfield tag="001">12867</controlfield>
  <controlfield tag="005">20130211173901.0</controlfield>
  <datafield tag="024" ind1="8" ind2=" ">
    <subfield code="a">oai:doc.rero.ch:20091103131935-EC</subfield>
    <subfield code="p">dissertation</subfield>
    <subfield code="z">cdu1</subfield>
    <subfield code="z">preprint</subfield>
    <subfield code="z">hegge</subfield>
    <subfield code="z">cdu16</subfield>
    <subfield code="z">journal</subfield>
    <subfield code="z">book</subfield>
    <subfield code="z">cdu02</subfield>
    <subfield code="z">thesis</subfield>
    <subfield code="z">report</subfield>
    <subfield code="z">thesis_urn</subfield>
    <subfield code="z">cdu34</subfield>
    <subfield code="z">postprint</subfield>
  </datafield>
  <datafield tag="035" ind1=" " ind2=" ">
    <subfield code="a">R005203141</subfield>
  </datafield>
  <datafield tag="041" ind1=" " ind2=" ">
    <subfield code="a">fre</subfield>
  </datafield>
  <datafield tag="080" ind1=" " ind2=" ">
    <subfield code="a">02</subfield>
  </datafield>
  <datafield tag="100" ind1=" " ind2=" ">
    <subfield code="a">Bezençon, Christophe</subfield>
  </datafield>
  <datafield tag="245" ind1=" " ind2=" ">
    <subfield code="9">fre</subfield>
    <subfield code="a">Evaluation des bibliothèques HES, sélection et définition d'indicateurs de performance et de qualité</subfield>
    <subfield code="b">répondre à une directive</subfield>
  </datafield>
  <datafield tag="300" ind1=" " ind2=" ">
    <subfield code="a">197 p.</subfield>
  </datafield>
  <datafield tag="502" ind1=" " ind2=" ">
    <subfield code="9">2009</subfield>
    <subfield code="a">Mémoire de bachelor : Haute école de gestion de Genève, 2009 ; TDB 2088</subfield>
  </datafield>
  <datafield tag="520" ind1=" " ind2=" ">
    <subfield code="9">fre</subfield>
    <subfield code="a">La Commission spécialisée des bibliothèques HES (CBH), organe de la Conférence des recteurs d es hautes écoles spécialisées suisses (KFH), a identifié la nécessité, dans le contexte académique actuel, de joindre à son projet de Directive pour la bibliothèque HES une collection d’indicateurs de performance et de qualité pour permettre aux bibliothèques de mesurer leur degré d’accomplissement des exigences issues de cette Directive. La sélection, la définition et l’explicitation de ces indicateurs sont l’objet de ce travail. Une présentation des bibliothèques HES en est le point de départ incontournable, pour bien cerner, à travers leurs missions, l’environnement dans lequel devront être appliqués les indicateurs. Cette présentation s’est notamment penchée sur les différences qu’il peut y avoir entre des bibliothèques HES et universitaires. Puis, une revue de la littérature concernant l’évaluation dans les bibliothèques académiques est proposée. Elle permet de mettre en avant l’utilité de telles évaluations, mais aussi d’identifier les risques qui leur sont liés. D’un point de vue plus pratique, elle donne des exemples concernant la réalisation de ces enquêtes ainsi que sur l’utilisation qui peut être faite des résultats. Finalement, elle permet le repérage des sources indispensables à ce travail de sélection d’indicateurs. Par la suite, l’élément central de ce travail est la « traduction » de la Directive en une liste d’objectifs qui représentent de manière synthétique les exigences que la CBH a voulu faire ressortir au travers de son document. La sélection ou la création des indicateurs qui suit découle directement de cette liste. Son rôle est donc crucial dans ce processus. Le résultat final de ce travail est la sélection et la définition de 101 indicateurs qualitatifs et quantitatifs permettant de mesurer l’ensemble des 51 objectifs identifiés dans la Directive. Ces indicateurs sont adaptés de la littérature ou créés selon les normes en usage. Pour terminer, la mise en place d’un benchmarking des bibliothèques HES, sous la responsabilité de la CBH, est fortement encouragée afin de mettre au mieux à profit les résultats des enquêtes qui seront réalisées sur cette base.</subfield>
  </datafield>
  <datafield tag="695" ind1=" " ind2=" ">
    <subfield code="9">fre</subfield>
    <subfield code="a">bibliothèque universitaire ; évaluation ; haute école spécialisée ; indicateurs</subfield>
  </datafield>
  <datafield tag="700" ind1=" " ind2=" ">
    <subfield code="a">Gorin, Michel</subfield>
    <subfield code="e">Dir.</subfield>
  </datafield>
  <datafield tag="856" ind1="4" ind2=" ">
    <subfield code="f">TDB2088.pdf</subfield>
    <subfield code="q">application/pdf</subfield>
    <subfield code="s">1315923</subfield>
    <subfield code="u">http://doc.rero.ch/record/12867/files/TDB2088.pdf</subfield>
    <subfield code="y">order:1</subfield>
    <subfield code="z">Mémoire</subfield>
  </datafield>
  <datafield tag="918" ind1=" " ind2=" ">
    <subfield code="a">Haute école de gestion de Genève</subfield>
    <subfield code="c">Information documentaire</subfield>
    <subfield code="b">Campus de Battelle, Bâtiment F, 7 route de Drize, 1227 Carouge</subfield>
  </datafield>
  <datafield tag="919" ind1=" " ind2=" ">
    <subfield code="a">Haute école de gestion de Genève</subfield>
    <subfield code="b">Genève</subfield>
    <subfield code="d">doc.support@rero.ch</subfield>
  </datafield>
  <datafield tag="980" ind1=" " ind2=" ">
    <subfield code="a">DISSERTATION</subfield>
    <subfield code="b">HEGGE</subfield>
    <subfield code="f">DISS_BACHELOR</subfield>
  </datafield>
  <datafield tag="990" ind1=" " ind2=" ">
    <subfield code="a">20091103131935-EC</subfield>
  </datafield>
</record>