
<record>
  <controlfield tag="001">12745</controlfield>
  <controlfield tag="005">20130225122034.0</controlfield>
  <datafield tag="024" ind1="8" ind2=" ">
    <subfield code="a">oai:doc.rero.ch:20091015102807-RJ</subfield>
    <subfield code="p">rero_explore</subfield>
    <subfield code="p">postprint</subfield>
    <subfield code="z">dissertation</subfield>
    <subfield code="z">cdu1</subfield>
    <subfield code="z">preprint</subfield>
    <subfield code="z">hegge</subfield>
    <subfield code="z">cdu16</subfield>
    <subfield code="z">journal</subfield>
    <subfield code="z">cdu51</subfield>
    <subfield code="z">book</subfield>
    <subfield code="z">thesis</subfield>
    <subfield code="z">report</subfield>
    <subfield code="z">thesis_urn</subfield>
    <subfield code="z">cdu34</subfield>
  </datafield>
  <datafield tag="041" ind1=" " ind2=" ">
    <subfield code="a">eng</subfield>
  </datafield>
  <datafield tag="080" ind1=" " ind2=" ">
    <subfield code="a">51</subfield>
  </datafield>
  <datafield tag="100" ind1=" " ind2=" ">
    <subfield code="a">Hertz, Alain</subfield>
    <subfield code="u">Département de mathématiques et de génie industriel, École Polytechnique, Montréal</subfield>
  </datafield>
  <datafield tag="245" ind1=" " ind2=" ">
    <subfield code="9">eng</subfield>
    <subfield code="a">The metric cutpoint partition problem</subfield>
  </datafield>
  <datafield tag="269" ind1=" " ind2=" ">
    <subfield code="c">2008</subfield>
  </datafield>
  <datafield tag="520" ind1=" " ind2=" ">
    <subfield code="9">eng</subfield>
    <subfield code="a">Let G = (V, E,w) be a graph with vertex and edge sets V and E, respectively, and w: E → a function which assigns a positive weight or length to each edge of G. G is called a realization of a finite metric space (M, d), with M = {1, ..., n} if and only if {1, ..., n} ⊆ V and d(i, j) is equal to the length of the shortest chain linking i and j in G ∀i, j = 1, ..., n. A realization G of (M, d), is called optimal if the sum of its weights is minimal among all the realizations of (M, d). A cutpoint in a graph G is a vertex whose removal strictly increases the number of connected components of G. The Metric Cutpoint Partition Problem is to determine if a finite metric space (M, d) has an optimal realization containing a cutpoint. We prove in this paper that this problem is polynomially solvable. We also describe an algorithm that constructs an optimal realization of (M, d) from optimal realizations of subspaces that do not contain any cutpoint.</subfield>
  </datafield>
  <datafield tag="695" ind1=" " ind2=" ">
    <subfield code="9">eng</subfield>
    <subfield code="a">metric spaces ; optimal realizations ; cutpoint ; bridge ; polynomial algorithm</subfield>
  </datafield>
  <datafield tag="700" ind1=" " ind2=" ">
    <subfield code="a">Varone, Sacha</subfield>
    <subfield code="u">Haute école de gestion de Genève</subfield>
  </datafield>
  <datafield tag="773" ind1=" " ind2=" ">
    <subfield code="t">Journal of classification</subfield>
    <subfield code="g">2008/25/2/159-175</subfield>
  </datafield>
  <datafield tag="856" ind1="4" ind2=" ">
    <subfield code="f">varone_metric_cutpoint.pdf</subfield>
    <subfield code="q">application/pdf</subfield>
    <subfield code="s">284592</subfield>
    <subfield code="u">http://doc.rero.ch/record/12745/files/varone_metric_cutpoint.pdf</subfield>
    <subfield code="y">order:1</subfield>
    <subfield code="z">Texte intégral</subfield>
  </datafield>
  <datafield tag="918" ind1=" " ind2=" ">
    <subfield code="c">Centre de recherche appliquée en gestion (CRAG)</subfield>
  </datafield>
  <datafield tag="919" ind1=" " ind2=" ">
    <subfield code="a">Haute école de gestion de Genève</subfield>
    <subfield code="b">Genève</subfield>
    <subfield code="d">doc.support@rero.ch</subfield>
  </datafield>
  <datafield tag="980" ind1=" " ind2=" ">
    <subfield code="a">POSTPRINT</subfield>
    <subfield code="b">HEGGE</subfield>
    <subfield code="f">ART_JOURNAL</subfield>
  </datafield>
  <datafield tag="990" ind1=" " ind2=" ">
    <subfield code="a">20091015102807-RJ</subfield>
  </datafield>
</record>