
<record>
  <controlfield tag="001">12741</controlfield>
  <controlfield tag="005">20130225122034.0</controlfield>
  <datafield tag="024" ind1="8" ind2=" ">
    <subfield code="a">oai:doc.rero.ch:20091013165829-WT</subfield>
    <subfield code="p">rero_explore</subfield>
    <subfield code="p">postprint</subfield>
    <subfield code="z">dissertation</subfield>
    <subfield code="z">cdu1</subfield>
    <subfield code="z">preprint</subfield>
    <subfield code="z">hegge</subfield>
    <subfield code="z">cdu16</subfield>
    <subfield code="z">journal</subfield>
    <subfield code="z">cdu51</subfield>
    <subfield code="z">book</subfield>
    <subfield code="z">thesis</subfield>
    <subfield code="z">report</subfield>
    <subfield code="z">thesis_urn</subfield>
    <subfield code="z">cdu34</subfield>
  </datafield>
  <datafield tag="041" ind1=" " ind2=" ">
    <subfield code="a">eng</subfield>
  </datafield>
  <datafield tag="080" ind1=" " ind2=" ">
    <subfield code="a">51</subfield>
  </datafield>
  <datafield tag="100" ind1=" " ind2=" ">
    <subfield code="a">Hertz, Alain</subfield>
    <subfield code="u">Ecole Polytechnique, Montreal, Canada</subfield>
  </datafield>
  <datafield tag="245" ind1=" " ind2=" ">
    <subfield code="9">eng</subfield>
    <subfield code="a">The metric bridge partition problem</subfield>
    <subfield code="b">partitioning of a metric space into two subspaces linked by an edge in any optimal realization</subfield>
  </datafield>
  <datafield tag="269" ind1=" " ind2=" ">
    <subfield code="c">2007</subfield>
  </datafield>
  <datafield tag="520" ind1=" " ind2=" ">
    <subfield code="9">eng</subfield>
    <subfield code="a">Let G = (V,E,w) be a graph with vertex and edge sets V and E, respectively, and w:E → R + a function which assigns a positive weight or length to each edge of G. G is called a realization of a finite metric space (M,d), with M = { 1,...,n} if and only if { 1,...,n} ⫅ V and d(i,j) is equal to the length of the shortest chain linking i and j in G ∀ i,j = 1,...,n. A realization G of (M,d), is said optimal if the sum of its weights is minimal among all the realizations of (M,d). Consider a partition of M into two nonempty subsets K and L, and let e be an edge in a realization G of (M,d); we say that e is a bridge linking K with L if e belongs to all chains in G linking a vertex of K with a vertex of L. The Metric Bridge Partition Problem is to determine if the elements of a finite metric space (M,d) can be partitioned into two nonempty subsets K and L such that all optimal realizations of (M,d) contain a bridge linking K with L. We prove in this paper that this problem is polynomially solvable. We also describe an algorithm that constructs an optimal realization of (M,d) from optimal realizations of (K,d|K) and (L,d|L).</subfield>
  </datafield>
  <datafield tag="700" ind1=" " ind2=" ">
    <subfield code="a">Varone, Sacha</subfield>
    <subfield code="u">Haute école de gestion de Genève</subfield>
  </datafield>
  <datafield tag="773" ind1=" " ind2=" ">
    <subfield code="t">Journal of classification</subfield>
    <subfield code="g">2007/24/2/235-249</subfield>
  </datafield>
  <datafield tag="856" ind1="4" ind2=" ">
    <subfield code="f">Varone_metric_bridge.pdf</subfield>
    <subfield code="q">application/pdf</subfield>
    <subfield code="s">269320</subfield>
    <subfield code="u">http://doc.rero.ch/record/12741/files/Varone_metric_bridge.pdf</subfield>
    <subfield code="y">order:1</subfield>
    <subfield code="z">Texte intégral</subfield>
  </datafield>
  <datafield tag="918" ind1=" " ind2=" ">
    <subfield code="c">Centre de recherche appliquée en gestion (CRAG)</subfield>
  </datafield>
  <datafield tag="919" ind1=" " ind2=" ">
    <subfield code="a">Haute école de gestion de Genève</subfield>
    <subfield code="b">Genève</subfield>
    <subfield code="d">doc.support@rero.ch</subfield>
  </datafield>
  <datafield tag="980" ind1=" " ind2=" ">
    <subfield code="a">POSTPRINT</subfield>
    <subfield code="b">HEGGE</subfield>
    <subfield code="f">ART_JOURNAL</subfield>
  </datafield>
  <datafield tag="990" ind1=" " ind2=" ">
    <subfield code="a">20091013165829-WT</subfield>
  </datafield>
</record>