
<record>
  <controlfield tag="001">12740</controlfield>
  <controlfield tag="005">20130225122034.0</controlfield>
  <datafield tag="024" ind1="8" ind2=" ">
    <subfield code="a">oai:doc.rero.ch:20091013162044-ER</subfield>
    <subfield code="p">rero_explore</subfield>
    <subfield code="p">postprint</subfield>
    <subfield code="z">dissertation</subfield>
    <subfield code="z">cdu1</subfield>
    <subfield code="z">preprint</subfield>
    <subfield code="z">hegge</subfield>
    <subfield code="z">cdu16</subfield>
    <subfield code="z">journal</subfield>
    <subfield code="z">cdu51</subfield>
    <subfield code="z">book</subfield>
    <subfield code="z">thesis</subfield>
    <subfield code="z">report</subfield>
    <subfield code="z">thesis_urn</subfield>
    <subfield code="z">cdu34</subfield>
  </datafield>
  <datafield tag="041" ind1=" " ind2=" ">
    <subfield code="a">eng</subfield>
  </datafield>
  <datafield tag="080" ind1=" " ind2=" ">
    <subfield code="a">51</subfield>
  </datafield>
  <datafield tag="100" ind1=" " ind2=" ">
    <subfield code="a">Luyet, Luc</subfield>
    <subfield code="u">Consultant indépendant, Genève</subfield>
  </datafield>
  <datafield tag="245" ind1=" " ind2=" ">
    <subfield code="9">eng</subfield>
    <subfield code="a">An ant algorithm for the Steiner Tree Problem in graphs</subfield>
  </datafield>
  <datafield tag="269" ind1=" " ind2=" ">
    <subfield code="c">2007</subfield>
  </datafield>
  <datafield tag="520" ind1=" " ind2=" ">
    <subfield code="9">eng</subfield>
    <subfield code="a">The Steiner Tree Problem (STP) in graphs is a well-known NP-hard problem. It has regained attention due to the introduction of new telecommunication technologies, since it is the mathematical structure behind multi-cast communications. The goal of this paper is to design an ant algorithm (called ANT-STP) for the STP in graphs which is better than TM, which is a greedy constructive method for the STP proposed in [34]. We derive ANT-STP from TM as follows: each ant is a constructive heuristic close to TM, but the population of ants can collaborate by exchanging information by the use of the trail systems. In addition, the decision rule used by each individual ant is different from the decision rule used in TM. We compare TM and ANT-STP on a set of benchmark problems of the OR-Library</subfield>
  </datafield>
  <datafield tag="695" ind1=" " ind2=" ">
    <subfield code="9">eng</subfield>
    <subfield code="a">Steiner Tree Problem</subfield>
  </datafield>
  <datafield tag="700" ind1=" " ind2=" ">
    <subfield code="a">Varone, Sacha</subfield>
    <subfield code="u">Haute école de gestion de Genève</subfield>
  </datafield>
  <datafield tag="700" ind1=" " ind2=" ">
    <subfield code="a">Zufferey, Nicolas</subfield>
    <subfield code="u">Faculté des Sciences de l’Administration, Université Laval, Québec</subfield>
  </datafield>
  <datafield tag="773" ind1=" " ind2=" ">
    <subfield code="t">Applications of evolutionary computing, Lecture notes in computer science</subfield>
    <subfield code="g">2007/4448//42-51</subfield>
  </datafield>
  <datafield tag="856" ind1="4" ind2=" ">
    <subfield code="f">Varone_Ant_algorithm.pdf</subfield>
    <subfield code="q">application/pdf</subfield>
    <subfield code="s">427609</subfield>
    <subfield code="u">http://doc.rero.ch/record/12740/files/Varone_Ant_algorithm.pdf</subfield>
    <subfield code="y">order:1</subfield>
    <subfield code="z">Texte intégral</subfield>
  </datafield>
  <datafield tag="918" ind1=" " ind2=" ">
    <subfield code="c">Centre de recherche appliquée en gestion (CRAG)</subfield>
  </datafield>
  <datafield tag="919" ind1=" " ind2=" ">
    <subfield code="a">Haute école de gestion de Genève</subfield>
    <subfield code="b">Genève</subfield>
    <subfield code="d">doc.support@rero.ch</subfield>
  </datafield>
  <datafield tag="980" ind1=" " ind2=" ">
    <subfield code="a">POSTPRINT</subfield>
    <subfield code="b">HEGGE</subfield>
    <subfield code="f">ART_INBOOK</subfield>
  </datafield>
  <datafield tag="990" ind1=" " ind2=" ">
    <subfield code="a">20091013162044-ER</subfield>
  </datafield>
</record>