
<record>
  <controlfield tag="001">12734</controlfield>
  <controlfield tag="005">20130605082947.0</controlfield>
  <datafield tag="024" ind1="8" ind2=" ">
    <subfield code="a">oai:doc.rero.ch:20091013143340-DF</subfield>
    <subfield code="p">report</subfield>
    <subfield code="p">cdu33</subfield>
    <subfield code="p">rero_explore</subfield>
    <subfield code="z">dissertation</subfield>
    <subfield code="z">cdu1</subfield>
    <subfield code="z">preprint</subfield>
    <subfield code="z">hegge</subfield>
    <subfield code="z">cdu16</subfield>
    <subfield code="z">journal</subfield>
    <subfield code="z">book</subfield>
    <subfield code="z">thesis</subfield>
    <subfield code="z">thesis_urn</subfield>
    <subfield code="z">cdu34</subfield>
    <subfield code="z">postprint</subfield>
  </datafield>
  <datafield tag="027" ind1=" " ind2=" ">
    <subfield code="a">HES-SO/HEG-GE/C-09/7/1-CH</subfield>
  </datafield>
  <datafield tag="041" ind1=" " ind2=" ">
    <subfield code="a">eng</subfield>
  </datafield>
  <datafield tag="080" ind1=" " ind2=" ">
    <subfield code="a">33</subfield>
  </datafield>
  <datafield tag="100" ind1=" " ind2=" ">
    <subfield code="a">Varone, Sacha</subfield>
    <subfield code="u">Haute école de gestion de Genève</subfield>
  </datafield>
  <datafield tag="245" ind1=" " ind2=" ">
    <subfield code="9">eng</subfield>
    <subfield code="a">Staff assignment using network flow techniques</subfield>
  </datafield>
  <datafield tag="269" ind1=" " ind2=" ">
    <subfield code="c">2009</subfield>
  </datafield>
  <datafield tag="300" ind1=" " ind2=" ">
    <subfield code="a">10</subfield>
  </datafield>
  <datafield tag="520" ind1=" " ind2=" ">
    <subfield code="9">fre</subfield>
    <subfield code="a">La détermination des horaires du personnel est une tâche à faire dans toute organisation de plusieurs employés. Dans cette recherche, nous revisitons sa modélisation comme un problème de coût minimum à débit maximal dans un réseau. Cette modélisation possède l'avantage de permettre une résolution par un algorithme s'exécutant en temps polynomial. Outre les contraintes de disponibilité et de compétences, nous considérons comme un ensemble de contraintes supplémentaires : la charge contractuelle de travail, la satisfaction des employés traitée sous l'angle de contraintes de rotation, les tâches nécessitant plusieurs employés, des incompatibilités de tandems, ne pouvant être affectés à une même tâche. Nous considérons plusieurs type de coûts à minimiser : les heures supplémentaires, les catégories d'employés, les retards dans l'accomplissement des tâches, les profits associés à l'exécution des tâches. Nous analysons aussi les limites de notre modèle, en montrant différents types de contraintes qui transforment le problème en un problème NP-dur.</subfield>
  </datafield>
  <datafield tag="520" ind1=" " ind2=" ">
    <subfield code="9">eng</subfield>
    <subfield code="a">Staff scheduling, also known as timetabling, is a task to be done in any organization with several employees. In this paper, we revisit its modeling as a minimum cost maximum flow problem in a network, which has the decisive advantage to be solvable with a polynomial time algorithm. Besides the usual availability and skills constraints, we consider additional constraints : targeted workload, satisfaction of employees seen as rotation constraints, tasks requiring several employees, pairs of employees which can not be assigned to a same task. We consider several cost specifications : types of employees, overtime, delayed tasks, profit associated with the execution of a task. We also analyze the limits of our model, showing types of constraints that transform the problem into an NP-hard problem.</subfield>
  </datafield>
  <datafield tag="695" ind1=" " ind2=" ">
    <subfield code="9">fre</subfield>
    <subfield code="a">affectation de personnel ; théorie des graphes ; classe P</subfield>
  </datafield>
  <datafield tag="695" ind1=" " ind2=" ">
    <subfield code="9">eng</subfield>
    <subfield code="a">rostering ; graph theory ; class P</subfield>
  </datafield>
  <datafield tag="700" ind1=" " ind2=" ">
    <subfield code="a">Schindl, David</subfield>
  </datafield>
  <datafield tag="856" ind1="4" ind2=" ">
    <subfield code="f">7_09_Varone.pdf</subfield>
    <subfield code="q">application/pdf</subfield>
    <subfield code="s">471897</subfield>
    <subfield code="u">http://doc.rero.ch/record/12734/files/7_09_Varone.pdf</subfield>
    <subfield code="y">order:1</subfield>
    <subfield code="z">Texte intégral</subfield>
  </datafield>
  <datafield tag="918" ind1=" " ind2=" ">
    <subfield code="c">Centre de recherche appliquée en gestion (CRAG)</subfield>
  </datafield>
  <datafield tag="919" ind1=" " ind2=" ">
    <subfield code="a">Haute école de gestion de Genève</subfield>
    <subfield code="b">Genève</subfield>
    <subfield code="d">doc.support@rero.ch</subfield>
  </datafield>
  <datafield tag="980" ind1=" " ind2=" ">
    <subfield code="a">REPORT</subfield>
    <subfield code="b">HEGGE</subfield>
  </datafield>
  <datafield tag="990" ind1=" " ind2=" ">
    <subfield code="a">20091013143340-DF</subfield>
  </datafield>
</record>