
<record>
  <controlfield tag="001">12720</controlfield>
  <controlfield tag="005">20130605082947.0</controlfield>
  <datafield tag="024" ind1="8" ind2=" ">
    <subfield code="a">oai:doc.rero.ch:20091006144959-BM</subfield>
    <subfield code="p">report</subfield>
    <subfield code="p">cdu33</subfield>
    <subfield code="p">rero_explore</subfield>
    <subfield code="z">dissertation</subfield>
    <subfield code="z">cdu1</subfield>
    <subfield code="z">preprint</subfield>
    <subfield code="z">hegge</subfield>
    <subfield code="z">cdu16</subfield>
    <subfield code="z">journal</subfield>
    <subfield code="z">book</subfield>
    <subfield code="z">thesis</subfield>
    <subfield code="z">thesis_urn</subfield>
    <subfield code="z">cdu34</subfield>
    <subfield code="z">postprint</subfield>
  </datafield>
  <datafield tag="041" ind1=" " ind2=" ">
    <subfield code="a">fre</subfield>
  </datafield>
  <datafield tag="080" ind1=" " ind2=" ">
    <subfield code="a">33</subfield>
  </datafield>
  <datafield tag="100" ind1=" " ind2=" ">
    <subfield code="a">Baranzini, Andrea</subfield>
    <subfield code="u">Haute école de gestion de Genève</subfield>
  </datafield>
  <datafield tag="245" ind1=" " ind2=" ">
    <subfield code="9">fre</subfield>
    <subfield code="a">Élasticité-prix de la demande d’essence en Suisse</subfield>
    <subfield code="b">rapport final 14 juillet 2009 : Office fédéral de l'énergie</subfield>
  </datafield>
  <datafield tag="269" ind1=" " ind2=" ">
    <subfield code="c">2009-07-17</subfield>
  </datafield>
  <datafield tag="300" ind1=" " ind2=" ">
    <subfield code="a">41</subfield>
  </datafield>
  <datafield tag="520" ind1=" " ind2=" ">
    <subfield code="9">fre</subfield>
    <subfield code="a">Dans cette étude, nous analysons la demande de carburant (essence et diesel) en Suisse. Nous étudions également la demande d’essence de manière séparée. Pour ce faire, nous utilisons des données macroéconomiques sur les quantités d’essence et de diesel au niveau de l’ensemble du pays et les mettons en relation avec différentes variables censées avoir un impact sur la consommation de ces carburants. Nous avons récolté des données sur une longue période, allant de 1970 à 2008, sur une base trimestrielle. Pour traiter ces séries temporelles, nous faisons appel à la littérature la plus récente dans le domaine de la demande d’essence, qui utilise les techniques économétriques de cointégration. Les résultats principaux de notre étude sont les suivants. En Suisse, la consommation de carburant et d’essence n’est pas très sensible aux variations de prix. Plus précisément, l’élasticité-prix de la demande est d’environ –0.3 à long terme, ce qui signifie qu’une augmentation du prix de l’essence de 10% diminue sa quantité demandée d’environ 3%. À court terme, la demande est presque totalement inélastique aux variations de prix, car elle est de –0.08 pour le carburant et –0.09 pour l’essence. La demande de carburant et d’essence en Suisse est aussi sensible aux variations du prix de l’essence à l’étranger. À long terme, une augmentation de 10% du prix dans les zones frontières à l’étranger accroît la demande totale de carburant et d’essence en Suisse d’environ 1%. De plus, parmi d’autres résultats, nous mettons en évidence que l’augmentation de la surtaxe sur les huiles minérales de 1993 a entraîné une baisse de la quantité demandée de carburant d’environ 3% et de la demande d’essence de 3.5%. Cette baisse s’ajoute à la diminution de la consommation résultant de l’augmentation de prix due à la modification de la surtaxe. Elle représente en quelque sorte l’impact psychologique de l’impôt. Une augmentation de la surtaxe sur les huiles minérales entraîne donc deux diminutions de quantité : la première représente la modification du comportement due à l’augmentation de prix ; la deuxième représente la réaction additionnelle des consommateurs, qui savent que l’augmentation de prix n’est pas “naturelle” ou temporaire.</subfield>
  </datafield>
  <datafield tag="695" ind1=" " ind2=" ">
    <subfield code="9">fre</subfield>
    <subfield code="a">carburant ; Suisse ; demande ; prix</subfield>
  </datafield>
  <datafield tag="700" ind1=" " ind2=" ">
    <subfield code="a">Neto, David</subfield>
    <subfield code="u">Université de Genève</subfield>
  </datafield>
  <datafield tag="700" ind1=" " ind2=" ">
    <subfield code="a">Weber, Sylvain</subfield>
    <subfield code="u">Université de Genève</subfield>
  </datafield>
  <datafield tag="856" ind1="4" ind2=" ">
    <subfield code="f">2009_rapport_OFEN.pdf</subfield>
    <subfield code="q">application/pdf</subfield>
    <subfield code="s">357771</subfield>
    <subfield code="u">http://doc.rero.ch/record/12720/files/2009_rapport_OFEN.pdf</subfield>
    <subfield code="y">order:1</subfield>
    <subfield code="z">Texte intégral</subfield>
  </datafield>
  <datafield tag="918" ind1=" " ind2=" ">
    <subfield code="c">Centre de recherche appliquée en gestion (CRAG)</subfield>
  </datafield>
  <datafield tag="919" ind1=" " ind2=" ">
    <subfield code="a">Haute école de gestion de Genève</subfield>
    <subfield code="b">Genève</subfield>
    <subfield code="d">doc.support@rero.ch</subfield>
  </datafield>
  <datafield tag="980" ind1=" " ind2=" ">
    <subfield code="a">REPORT</subfield>
    <subfield code="b">HEGGE</subfield>
  </datafield>
  <datafield tag="990" ind1=" " ind2=" ">
    <subfield code="a">20091006144959-BM</subfield>
  </datafield>
</record>