
<record>
  <controlfield tag="001">12498</controlfield>
  <controlfield tag="005">20130225122028.0</controlfield>
  <datafield tag="024" ind1="8" ind2=" ">
    <subfield code="a">oai:doc.rero.ch:20090819091830-WT</subfield>
    <subfield code="p">rero_explore</subfield>
    <subfield code="p">postprint</subfield>
    <subfield code="z">dissertation</subfield>
    <subfield code="z">cdu1</subfield>
    <subfield code="z">preprint</subfield>
    <subfield code="z">hegge</subfield>
    <subfield code="z">cdu16</subfield>
    <subfield code="z">journal</subfield>
    <subfield code="z">book</subfield>
    <subfield code="z">cdu004</subfield>
    <subfield code="z">thesis</subfield>
    <subfield code="z">report</subfield>
    <subfield code="z">thesis_urn</subfield>
    <subfield code="z">cdu34</subfield>
  </datafield>
  <datafield tag="041" ind1=" " ind2=" ">
    <subfield code="a">eng</subfield>
  </datafield>
  <datafield tag="080" ind1=" " ind2=" ">
    <subfield code="a">004</subfield>
  </datafield>
  <datafield tag="100" ind1=" " ind2=" ">
    <subfield code="a">Dugerdil, Philippe</subfield>
    <subfield code="u">Haute école de gestion de Genève</subfield>
  </datafield>
  <datafield tag="245" ind1=" " ind2=" ">
    <subfield code="9">eng</subfield>
    <subfield code="a">Computing dynamic clusters</subfield>
  </datafield>
  <datafield tag="520" ind1=" " ind2=" ">
    <subfield code="9">eng</subfield>
    <subfield code="a">When trying to reverse engineer software, execution trace analysis is increasingly used. Though, by using this technique we are quickly faced with an enormous amount of data that we must process. While many solutions have been proposed that consist of summarizing, filtering or compressing the trace, the lossless techniques are seldom able to cope with millions of events. Then, we developed a dynamic clustering technique, based on the segmentation of the execution trace that can losslessly process such a large quantity of data. In order to compute the clusters of classes we use a maximal clique computing algorithm. After having presented our technology we show experimental results highlighting that it is robust with respect to the segmentation parameters. Finally we present the tool we developed to compute dynamic clusters from execution traces.</subfield>
  </datafield>
  <datafield tag="695" ind1=" " ind2=" ">
    <subfield code="9">eng</subfield>
    <subfield code="a">reverse-engineering ; software architecture ; software clustering ; dynamic analysis</subfield>
  </datafield>
  <datafield tag="700" ind1=" " ind2=" ">
    <subfield code="a">Jossi, Sébastien</subfield>
    <subfield code="u">Haute école de gestion de Genève</subfield>
  </datafield>
  <datafield tag="773" ind1=" " ind2=" ">
    <subfield code="t">ISEC’09 : proceedings of the 2009 India Software Engineering Conference, Pune, India, February 23-26, 2009. New York : Association for Computing Machinery</subfield>
    <subfield code="g">2009///65-73</subfield>
  </datafield>
  <datafield tag="775" ind1=" " ind2=" ">
    <subfield code="o">http://portal.acm.org/citation.cfm?doid=1506216.1506228</subfield>
    <subfield code="g">Published version</subfield>
  </datafield>
  <datafield tag="856" ind1="4" ind2=" ">
    <subfield code="f">ACM_Dugerdil.pdf</subfield>
    <subfield code="q">application/pdf</subfield>
    <subfield code="s">776307</subfield>
    <subfield code="u">http://doc.rero.ch/record/12498/files/ACM_Dugerdil.pdf</subfield>
    <subfield code="y">order:1</subfield>
    <subfield code="z">Texte intégral</subfield>
  </datafield>
  <datafield tag="918" ind1=" " ind2=" ">
    <subfield code="c">Centre de recherche appliquée en gestion (CRAG)</subfield>
  </datafield>
  <datafield tag="919" ind1=" " ind2=" ">
    <subfield code="a">Haute école de gestion de Genève</subfield>
    <subfield code="b">Genève</subfield>
    <subfield code="d">doc.support@rero.ch</subfield>
  </datafield>
  <datafield tag="980" ind1=" " ind2=" ">
    <subfield code="a">POSTPRINT</subfield>
    <subfield code="b">HEGGE</subfield>
    <subfield code="f">ART_INPROC</subfield>
  </datafield>
  <datafield tag="990" ind1=" " ind2=" ">
    <subfield code="a">20090819091830-WT</subfield>
  </datafield>
</record>