
<record>
  <controlfield tag="001">12491</controlfield>
  <controlfield tag="005">20130225122027.0</controlfield>
  <datafield tag="024" ind1="8" ind2=" ">
    <subfield code="a">oai:doc.rero.ch:20090817143454-MO</subfield>
    <subfield code="p">rero_explore</subfield>
    <subfield code="p">postprint</subfield>
    <subfield code="z">dissertation</subfield>
    <subfield code="z">cdu1</subfield>
    <subfield code="z">preprint</subfield>
    <subfield code="z">hegge</subfield>
    <subfield code="z">cdu16</subfield>
    <subfield code="z">journal</subfield>
    <subfield code="z">book</subfield>
    <subfield code="z">cdu004</subfield>
    <subfield code="z">thesis</subfield>
    <subfield code="z">report</subfield>
    <subfield code="z">thesis_urn</subfield>
    <subfield code="z">cdu34</subfield>
  </datafield>
  <datafield tag="041" ind1=" " ind2=" ">
    <subfield code="a">eng</subfield>
  </datafield>
  <datafield tag="080" ind1=" " ind2=" ">
    <subfield code="a">004</subfield>
  </datafield>
  <datafield tag="100" ind1=" " ind2=" ">
    <subfield code="a">Von Susani, Odorico</subfield>
    <subfield code="u">Université de Genève</subfield>
  </datafield>
  <datafield tag="245" ind1=" " ind2=" ">
    <subfield code="9">eng</subfield>
    <subfield code="a">Cross-organizational service evolution management</subfield>
  </datafield>
  <datafield tag="520" ind1=" " ind2=" ">
    <subfield code="9">eng</subfield>
    <subfield code="a">Many organizations have started to outsource non-core information processing tasks to service providers. By doing this, organizations abandon their authority on the life cycle of their processes and depend instead on external services. A change in a service's semantics or interface implies that the organizations consuming that service must adapt their dependent applications. To mitigate the risks related to the availability of a service version, organizations establish formal contracts with their service providers. Since service providers are un-coordinated, there is a risk that many services consumed by an organization evolve simultaneously. The adaptation work that is generated by these simultaneous evolutions can be greater than what an organization can handle within the contractual time frames of the evolving services. In this paper, we detail a model and a range of indicators that permit to quantify the capacity of an organization to manage the evolution of the external services it depends on.</subfield>
  </datafield>
  <datafield tag="695" ind1=" " ind2=" ">
    <subfield code="9">eng</subfield>
    <subfield code="a">maintenance ; outsourcing ; versioning ; e-business</subfield>
  </datafield>
  <datafield tag="700" ind1=" " ind2=" ">
    <subfield code="a">Dugerdil, Philippe</subfield>
    <subfield code="u">Haute école de gestion de Genève</subfield>
  </datafield>
  <datafield tag="773" ind1=" " ind2=" ">
    <subfield code="t">ITNG 2009 : 6th International Conference on Information Technology : New Generations, April 27-29 2009, Las Vegas. Los Alamitos : IEEE Computer Society</subfield>
    <subfield code="g">2009///332-337</subfield>
  </datafield>
  <datafield tag="856" ind1="4" ind2=" ">
    <subfield code="f">IEEE1.pdf</subfield>
    <subfield code="q">application/pdf</subfield>
    <subfield code="s">268031</subfield>
    <subfield code="u">http://doc.rero.ch/record/12491/files/IEEE1.pdf</subfield>
    <subfield code="y">order:1</subfield>
    <subfield code="z">Texte intégral</subfield>
  </datafield>
  <datafield tag="918" ind1=" " ind2=" ">
    <subfield code="c">Centre de recherche appliquée en gestion (CRAG)</subfield>
  </datafield>
  <datafield tag="919" ind1=" " ind2=" ">
    <subfield code="a">Haute école de gestion de Genève</subfield>
    <subfield code="b">Genève</subfield>
    <subfield code="d">doc.support@rero.ch</subfield>
  </datafield>
  <datafield tag="980" ind1=" " ind2=" ">
    <subfield code="a">POSTPRINT</subfield>
    <subfield code="b">HEGGE</subfield>
    <subfield code="f">ART_INPROC</subfield>
  </datafield>
  <datafield tag="990" ind1=" " ind2=" ">
    <subfield code="a">20090817143454-MO</subfield>
  </datafield>
</record>