
<record>
  <controlfield tag="001">12485</controlfield>
  <controlfield tag="005">20130225122027.0</controlfield>
  <datafield tag="024" ind1="8" ind2=" ">
    <subfield code="a">oai:doc.rero.ch:20090812111453-ZE</subfield>
    <subfield code="p">rero_explore</subfield>
    <subfield code="p">postprint</subfield>
    <subfield code="z">dissertation</subfield>
    <subfield code="z">cdu1</subfield>
    <subfield code="z">preprint</subfield>
    <subfield code="z">hegge</subfield>
    <subfield code="z">cdu16</subfield>
    <subfield code="z">journal</subfield>
    <subfield code="z">book</subfield>
    <subfield code="z">cdu004</subfield>
    <subfield code="z">thesis</subfield>
    <subfield code="z">report</subfield>
    <subfield code="z">thesis_urn</subfield>
    <subfield code="z">cdu34</subfield>
  </datafield>
  <datafield tag="041" ind1=" " ind2=" ">
    <subfield code="a">eng</subfield>
  </datafield>
  <datafield tag="080" ind1=" " ind2=" ">
    <subfield code="a">004</subfield>
  </datafield>
  <datafield tag="100" ind1=" " ind2=" ">
    <subfield code="a">Lanza, Michele</subfield>
    <subfield code="u">Université de Lugano</subfield>
  </datafield>
  <datafield tag="245" ind1=" " ind2=" ">
    <subfield code="9">eng</subfield>
    <subfield code="a">EvoSpaces</subfield>
    <subfield code="b">multi-dimensional navigation spaces for software evolution</subfield>
  </datafield>
  <datafield tag="520" ind1=" " ind2=" ">
    <subfield code="9">eng</subfield>
    <subfield code="a">EvoSpaces is a Swiss-wide research project sponsored by the Hasler foundation. It involves three partners: University of Zurich, University of Lugano and the University of Applied Sciences in Geneva. The overall goal of the project is to explore novel ways to visualize and navigate evolving software systems in a 3D environment. In this paper we briefly describe the particularities of the project and the results obtained so far.</subfield>
  </datafield>
  <datafield tag="700" ind1=" " ind2=" ">
    <subfield code="a">Gall, Harald</subfield>
    <subfield code="u">Université de Zürich</subfield>
  </datafield>
  <datafield tag="700" ind1=" " ind2=" ">
    <subfield code="a">Dugerdil, Philippe</subfield>
    <subfield code="u">Haute école de gestion de Genève</subfield>
  </datafield>
  <datafield tag="773" ind1=" " ind2=" ">
    <subfield code="c">Ferenc, Rudolf;Knodel, Jens;Winter, Andreas</subfield>
    <subfield code="t">13th European conference on Software Maintenance and Reengineering CSMR 2009 : proceedings, 24-27 March 2009, Kaiserslautern, Germany. Los Alamitos : IEEE Computer Society</subfield>
    <subfield code="g">2009///293-296</subfield>
  </datafield>
  <datafield tag="856" ind1="4" ind2=" ">
    <subfield code="f">ieee3.pdf</subfield>
    <subfield code="q">application/pdf</subfield>
    <subfield code="s">622858</subfield>
    <subfield code="u">http://doc.rero.ch/record/12485/files/ieee3.pdf</subfield>
    <subfield code="y">order:1</subfield>
    <subfield code="z">Texte intégral</subfield>
  </datafield>
  <datafield tag="918" ind1=" " ind2=" ">
    <subfield code="c">Centre de recherche appliquée en gestion (CRAG)</subfield>
  </datafield>
  <datafield tag="919" ind1=" " ind2=" ">
    <subfield code="a">Haute école de gestion de Genève</subfield>
    <subfield code="b">Genève</subfield>
    <subfield code="d">doc.support@rero.ch</subfield>
  </datafield>
  <datafield tag="980" ind1=" " ind2=" ">
    <subfield code="a">POSTPRINT</subfield>
    <subfield code="b">HEGGE</subfield>
    <subfield code="f">ART_INPROC</subfield>
  </datafield>
  <datafield tag="990" ind1=" " ind2=" ">
    <subfield code="a">20090812111453-ZE</subfield>
  </datafield>
</record>