
<record>
  <controlfield tag="001">12483</controlfield>
  <controlfield tag="005">20130225122027.0</controlfield>
  <datafield tag="024" ind1="8" ind2=" ">
    <subfield code="a">oai:doc.rero.ch:20090812100130-NC</subfield>
    <subfield code="p">rero_explore</subfield>
    <subfield code="p">postprint</subfield>
    <subfield code="z">dissertation</subfield>
    <subfield code="z">cdu1</subfield>
    <subfield code="z">preprint</subfield>
    <subfield code="z">hegge</subfield>
    <subfield code="z">cdu16</subfield>
    <subfield code="z">journal</subfield>
    <subfield code="z">book</subfield>
    <subfield code="z">cdu004</subfield>
    <subfield code="z">thesis</subfield>
    <subfield code="z">report</subfield>
    <subfield code="z">thesis_urn</subfield>
    <subfield code="z">cdu34</subfield>
  </datafield>
  <datafield tag="041" ind1=" " ind2=" ">
    <subfield code="a">eng</subfield>
  </datafield>
  <datafield tag="080" ind1=" " ind2=" ">
    <subfield code="a">004</subfield>
  </datafield>
  <datafield tag="100" ind1=" " ind2=" ">
    <subfield code="a">Dugerdil, Philippe</subfield>
    <subfield code="u">Haute école de gestion de Genève</subfield>
  </datafield>
  <datafield tag="245" ind1=" " ind2=" ">
    <subfield code="9">eng</subfield>
    <subfield code="a">An Eclipse plugin for the automated reverse-engineering of software programs</subfield>
  </datafield>
  <datafield tag="520" ind1=" " ind2=" ">
    <subfield code="9">eng</subfield>
    <subfield code="a">In the reverse engineering of a software program, one of the key difficulties is actually to understand the software. While the published techniques work top down or bottom up, our approach works middle-out: before trying to understand the low level code, we first rebuild a hypothetical analysis model from the usecases of the system. This model then represents the target of the understanding task. In fact we try to map the code elements to the analysis objects. For this approach to be useable in large industrial software systems, it must be supported by a powerful tool. This paper presents the Eclipse plugin we developed to support our methodology, as well as a reverse engineering scenario using this tool. We then discuss the technology we used and the result we obtained.</subfield>
  </datafield>
  <datafield tag="695" ind1=" " ind2=" ">
    <subfield code="9">eng</subfield>
    <subfield code="a">reverse engineering ; analysis tool ; software understanding ; dynamic analysis ; Eclipse</subfield>
  </datafield>
  <datafield tag="700" ind1=" " ind2=" ">
    <subfield code="a">Kony, David</subfield>
    <subfield code="u">Haute école de gestion de Genève</subfield>
  </datafield>
  <datafield tag="700" ind1=" " ind2=" ">
    <subfield code="a">Belmonte, Javier</subfield>
    <subfield code="u">Haute école de gestion de Genève</subfield>
  </datafield>
  <datafield tag="773" ind1=" " ind2=" ">
    <subfield code="c">LATIFI, Shahram</subfield>
    <subfield code="t">ITNG 2009 : 6th International Conference on Information Technology : New Generations, April 27-29, Las Vegas. Los Alamitos : IEEE Computer Society</subfield>
    <subfield code="g">2009///284-289</subfield>
  </datafield>
  <datafield tag="856" ind1="4" ind2=" ">
    <subfield code="f">ieee2.pdf</subfield>
    <subfield code="q">application/pdf</subfield>
    <subfield code="s">660641</subfield>
    <subfield code="u">http://doc.rero.ch/record/12483/files/ieee2.pdf</subfield>
    <subfield code="y">order:1</subfield>
    <subfield code="z">Texte intégral</subfield>
  </datafield>
  <datafield tag="918" ind1=" " ind2=" ">
    <subfield code="c">Centre de recherche appliquée en gestion (CRAG)</subfield>
  </datafield>
  <datafield tag="919" ind1=" " ind2=" ">
    <subfield code="a">Haute école de gestion de Genève</subfield>
    <subfield code="b">Genève</subfield>
    <subfield code="d">doc.support@rero.ch</subfield>
  </datafield>
  <datafield tag="980" ind1=" " ind2=" ">
    <subfield code="a">POSTPRINT</subfield>
    <subfield code="b">HEGGE</subfield>
    <subfield code="f">ART_INPROC</subfield>
  </datafield>
  <datafield tag="990" ind1=" " ind2=" ">
    <subfield code="a">20090812100130-NC</subfield>
  </datafield>
</record>