
<record>
  <controlfield tag="001">12467</controlfield>
  <controlfield tag="005">20130225122027.0</controlfield>
  <datafield tag="024" ind1="8" ind2=" ">
    <subfield code="a">oai:doc.rero.ch:20090810163144-ZK</subfield>
    <subfield code="p">rero_explore</subfield>
    <subfield code="p">postprint</subfield>
    <subfield code="z">dissertation</subfield>
    <subfield code="z">cdu1</subfield>
    <subfield code="z">preprint</subfield>
    <subfield code="z">hegge</subfield>
    <subfield code="z">cdu16</subfield>
    <subfield code="z">journal</subfield>
    <subfield code="z">book</subfield>
    <subfield code="z">cdu004</subfield>
    <subfield code="z">thesis</subfield>
    <subfield code="z">report</subfield>
    <subfield code="z">thesis_urn</subfield>
    <subfield code="z">cdu34</subfield>
  </datafield>
  <datafield tag="041" ind1=" " ind2=" ">
    <subfield code="a">eng</subfield>
  </datafield>
  <datafield tag="080" ind1=" " ind2=" ">
    <subfield code="a">004</subfield>
  </datafield>
  <datafield tag="100" ind1=" " ind2=" ">
    <subfield code="a">Dugerdil, Philippe</subfield>
    <subfield code="u">Haute école de gestion de Genève</subfield>
  </datafield>
  <datafield tag="245" ind1=" " ind2=" ">
    <subfield code="9">eng</subfield>
    <subfield code="a">Applying financial time series analysis to the dynamic analysis of software</subfield>
  </datafield>
  <datafield tag="269" ind1=" " ind2=" ">
    <subfield code="c">2009</subfield>
  </datafield>
  <datafield tag="520" ind1=" " ind2=" ">
    <subfield code="9">eng</subfield>
    <subfield code="a">Dynamic analysis of programs is one of the most promising techniques to reverse-engineer legacy code for software understanding. However, the key problem is to cope with the volume of data to process, since a single execution trace could contain millions of calls. Although many trace analysis techniques have been proposed, most of them are not very scalable. To overcome this problem, we developed a segmentation technique where the trace is pre-processed to give it the shape of a time series of data. Then we apply technical analysis techniques borrowed from the financial domain. In particular we show how the moving average filtering can be used to identify the “trend” of the involvement of the class in the execution of the program. Based on the comparison of the “trends” of all the classes, one can compute the coupling of classes in order to recover the hidden functional architecture of the software.</subfield>
  </datafield>
  <datafield tag="695" ind1=" " ind2=" ">
    <subfield code="9">eng</subfield>
    <subfield code="a">reverse engineering ; dynamic analysis ; time series ; moving average ; class coupling</subfield>
  </datafield>
  <datafield tag="700" ind1=" " ind2=" ">
    <subfield code="a">Sennhauser, David</subfield>
    <subfield code="u">Haute école de gestion de Genève</subfield>
  </datafield>
  <datafield tag="773" ind1=" " ind2=" ">
    <subfield code="t">ICSOFT 2009 : proceedings of the 4th International Conference on Software and Data Technologies, Sofia, Bulgaria, July 26-29. Setúbal : INSTICC Press</subfield>
    <subfield code="g">2009/1//194-201</subfield>
  </datafield>
  <datafield tag="775" ind1=" " ind2=" ">
    <subfield code="o">http://www.icsoft.org/index.htm</subfield>
    <subfield code="g">ICSOFT 2010</subfield>
  </datafield>
  <datafield tag="856" ind1="4" ind2=" ">
    <subfield code="f">Dugerdil_ICSOFT_09.pdf</subfield>
    <subfield code="q">application/pdf</subfield>
    <subfield code="s">982609</subfield>
    <subfield code="u">http://doc.rero.ch/record/12467/files/Dugerdil_ICSOFT_09.pdf</subfield>
    <subfield code="y">order:1</subfield>
    <subfield code="z">Texte intégral</subfield>
  </datafield>
  <datafield tag="918" ind1=" " ind2=" ">
    <subfield code="c">Centre de recherche appliquée en gestion (CRAG)</subfield>
  </datafield>
  <datafield tag="919" ind1=" " ind2=" ">
    <subfield code="a">Haute école de gestion de Genève</subfield>
    <subfield code="b">Genève</subfield>
    <subfield code="d">doc.support@rero.ch</subfield>
  </datafield>
  <datafield tag="980" ind1=" " ind2=" ">
    <subfield code="a">POSTPRINT</subfield>
    <subfield code="b">HEGGE</subfield>
    <subfield code="f">ART_INPROC</subfield>
  </datafield>
  <datafield tag="990" ind1=" " ind2=" ">
    <subfield code="a">20090810163144-ZK</subfield>
  </datafield>
</record>