
<record>
  <controlfield tag="001">12350</controlfield>
  <controlfield tag="005">20130225122026.0</controlfield>
  <datafield tag="024" ind1="8" ind2=" ">
    <subfield code="a">oai:doc.rero.ch:20090730124604-MX</subfield>
    <subfield code="p">rero_explore</subfield>
    <subfield code="p">postprint</subfield>
    <subfield code="z">dissertation</subfield>
    <subfield code="z">cdu1</subfield>
    <subfield code="z">preprint</subfield>
    <subfield code="z">hegge</subfield>
    <subfield code="z">cdu16</subfield>
    <subfield code="z">journal</subfield>
    <subfield code="z">book</subfield>
    <subfield code="z">cdu004</subfield>
    <subfield code="z">thesis</subfield>
    <subfield code="z">report</subfield>
    <subfield code="z">thesis_urn</subfield>
    <subfield code="z">cdu34</subfield>
  </datafield>
  <datafield tag="041" ind1=" " ind2=" ">
    <subfield code="a">eng</subfield>
  </datafield>
  <datafield tag="080" ind1=" " ind2=" ">
    <subfield code="a">004</subfield>
  </datafield>
  <datafield tag="100" ind1=" " ind2=" ">
    <subfield code="a">Ruch, Patrick</subfield>
    <subfield code="u">Haute école de gestion de Genève, Université de Genève, Hôpitaux universitaires de Genève</subfield>
  </datafield>
  <datafield tag="245" ind1=" " ind2=" ">
    <subfield code="9">eng</subfield>
    <subfield code="a">From episodes of care to diagnosis codes</subfield>
    <subfield code="b">automatic text categorization for medico-economic encoding</subfield>
  </datafield>
  <datafield tag="269" ind1=" " ind2=" ">
    <subfield code="c">2008</subfield>
  </datafield>
  <datafield tag="520" ind1=" " ind2=" ">
    <subfield code="9">eng</subfield>
    <subfield code="a">We report on the design and evaluation of an original system to help assignment ICD (International Classification of Disease) codes to clinical narratives. The task is defined as a multi-class multidocument classification task. We combine a set of machine learning and data-poor methods to generate a single automatic text categorizer, which returns a ranked list of ICD codes. The combined ranking system currently obtains a precision of 75% at high ranks and a recall of about 63% for the top twenty returned codes for a theoretical upper bound of about 79% (inter-coder agreement). The performance of the data-poor classifier is weak, whereas the use of temporal features such as anamnesis and prescription contents results in a statistically significant improvement.</subfield>
  </datafield>
  <datafield tag="700" ind1=" " ind2=" ">
    <subfield code="a">Gobeilla, Julien</subfield>
    <subfield code="u">Université de Genève, Hôpitaux universitaires de Genève</subfield>
  </datafield>
  <datafield tag="700" ind1=" " ind2=" ">
    <subfield code="a">Tbahritia, Imad</subfield>
    <subfield code="u">Université de Genève, Hôpitaux universitaires de Genève</subfield>
  </datafield>
  <datafield tag="700" ind1=" " ind2=" ">
    <subfield code="a">Geissbühlera, Antoine</subfield>
    <subfield code="u">Université de Genève, Hôpitaux universitaires de Genève</subfield>
  </datafield>
  <datafield tag="773" ind1=" " ind2=" ">
    <subfield code="t">AMIA 2008 Symposium Proceedings</subfield>
    <subfield code="g">2008///636-640</subfield>
  </datafield>
  <datafield tag="775" ind1=" " ind2=" ">
    <subfield code="g">http://www.pubmedcentral.nih.gov/articlerender.fcgi?artid=2655971</subfield>
  </datafield>
  <datafield tag="856" ind1="4" ind2=" ">
    <subfield code="f">picrender.pdf</subfield>
    <subfield code="q">application/pdf</subfield>
    <subfield code="s">207132</subfield>
    <subfield code="u">http://doc.rero.ch/record/12350/files/picrender.pdf</subfield>
    <subfield code="y">order:1</subfield>
    <subfield code="z">Texte intégral</subfield>
  </datafield>
  <datafield tag="918" ind1=" " ind2=" ">
    <subfield code="c">Centre de recherche appliquée en gestion (CRAG)</subfield>
  </datafield>
  <datafield tag="919" ind1=" " ind2=" ">
    <subfield code="a">Haute école de gestion de Genève</subfield>
    <subfield code="b">Genève</subfield>
    <subfield code="d">doc.support@rero.ch</subfield>
  </datafield>
  <datafield tag="980" ind1=" " ind2=" ">
    <subfield code="a">POSTPRINT</subfield>
    <subfield code="b">HEGGE</subfield>
    <subfield code="f">ART_INPROC</subfield>
  </datafield>
  <datafield tag="990" ind1=" " ind2=" ">
    <subfield code="a">20090730124604-MX</subfield>
  </datafield>
</record>