
<record>
  <controlfield tag="001">11731</controlfield>
  <controlfield tag="005">20130605082944.0</controlfield>
  <datafield tag="024" ind1="8" ind2=" ">
    <subfield code="a">oai:doc.rero.ch:20090404123555-PV</subfield>
    <subfield code="p">report</subfield>
    <subfield code="p">cdu33</subfield>
    <subfield code="p">rero_explore</subfield>
    <subfield code="z">dissertation</subfield>
    <subfield code="z">cdu1</subfield>
    <subfield code="z">preprint</subfield>
    <subfield code="z">hegge</subfield>
    <subfield code="z">cdu16</subfield>
    <subfield code="z">journal</subfield>
    <subfield code="z">book</subfield>
    <subfield code="z">thesis</subfield>
    <subfield code="z">thesis_urn</subfield>
    <subfield code="z">cdu34</subfield>
    <subfield code="z">postprint</subfield>
  </datafield>
  <datafield tag="027" ind1=" " ind2=" ">
    <subfield code="a">HES-SO/HEG-GE/C--08/12/1--CH</subfield>
  </datafield>
  <datafield tag="041" ind1=" " ind2=" ">
    <subfield code="a">eng</subfield>
  </datafield>
  <datafield tag="080" ind1=" " ind2=" ">
    <subfield code="a">33</subfield>
  </datafield>
  <datafield tag="100" ind1=" " ind2=" ">
    <subfield code="a">CATENAZZO, Giuseppe</subfield>
    <subfield code="u">Haute école de gestion de Genève</subfield>
  </datafield>
  <datafield tag="245" ind1=" " ind2=" ">
    <subfield code="9">eng</subfield>
    <subfield code="a">Elements of perception regarding sustainable development in Geneva</subfield>
    <subfield code="b">cahier de recherche</subfield>
  </datafield>
  <datafield tag="269" ind1=" " ind2=" ">
    <subfield code="c">2008</subfield>
  </datafield>
  <datafield tag="300" ind1=" " ind2=" ">
    <subfield code="a">17</subfield>
  </datafield>
  <datafield tag="520" ind1=" " ind2=" ">
    <subfield code="9">eng</subfield>
    <subfield code="a">Environmental preservation, economic growth and related topics that have an impact on Earth are becoming more and more important today. Worldwide, there’s a call for a deep involvement in favour of sustainable development. Pursuing sustainable development objectives needs day-by-day commitment from all the society actors: governments, industries and individuals. Among them, individuals play a strategic role: they have the possibility to vote for politicians who act in favour of sustainable issues. Then, people can decide to buy and consume goods produced by sustainable industries. Additionally, they can pay attention not to waste water, electricity or gasoline (e.g. by walking or using public transport means) and contribute to higher recycling rates. To address these issues of individuals’ attitudes and behaviours, we have conducted a survey research in order measure the perception of the Geneva population regarding the main social aspects of sustainable development. This empirical research provides answers to some aspects of the following questions: what does sustainable development mean for the Geneva population? Who should act in favour of sustainable development? How habits should be changed to contribute to sustainable development? Relationships between classes and between variables are analyzed in depth. Research hypotheses are then verified on the basis of non-parametric statistical tests. This empirical research attempts to provide some elements of perception about sustainable developments leading to recommendations for better policies for public and private institutions. Among other results, we have found that people who are attentive to the protection of the environment are more likely to change their day-by-day habits in favour of sustainable development: we thus indicate that this could be a lever over which public policies could push their activities.</subfield>
  </datafield>
  <datafield tag="695" ind1=" " ind2=" ">
    <subfield code="9">eng</subfield>
    <subfield code="a">sustainable development ; perception ; survey research ; environmental preservation</subfield>
  </datafield>
  <datafield tag="700" ind1=" " ind2=" ">
    <subfield code="a">D'URSO, Jennifer</subfield>
    <subfield code="u">Haute école de gestion de Genève</subfield>
  </datafield>
  <datafield tag="700" ind1=" " ind2=" ">
    <subfield code="a">FRAGNIERE, Emmanuel</subfield>
    <subfield code="u">Haute école de gestion de Genève</subfield>
  </datafield>
  <datafield tag="856" ind1="4" ind2=" ">
    <subfield code="f">12-08_Fragni_re_cahier_recherche.pdf</subfield>
    <subfield code="q">application/pdf</subfield>
    <subfield code="s">109729</subfield>
    <subfield code="u">http://doc.rero.ch/record/11731/files/12-08_Fragni_re_cahier_recherche.pdf</subfield>
    <subfield code="y">order:1</subfield>
    <subfield code="z">Texte intégral</subfield>
  </datafield>
  <datafield tag="918" ind1=" " ind2=" ">
    <subfield code="c">Centre de recherche appliquée en gestion (CRAG)</subfield>
  </datafield>
  <datafield tag="919" ind1=" " ind2=" ">
    <subfield code="a">Haute école de gestion de Genève</subfield>
    <subfield code="b">Genève</subfield>
    <subfield code="d">doc.support@rero.ch</subfield>
  </datafield>
  <datafield tag="980" ind1=" " ind2=" ">
    <subfield code="a">REPORT</subfield>
    <subfield code="b">HEGGE</subfield>
  </datafield>
  <datafield tag="990" ind1=" " ind2=" ">
    <subfield code="a">20090404123555-PV</subfield>
  </datafield>
</record>