
<record>
  <controlfield tag="001">11730</controlfield>
  <controlfield tag="005">20130605082944.0</controlfield>
  <datafield tag="024" ind1="8" ind2=" ">
    <subfield code="a">oai:doc.rero.ch:20090404093756-ZY</subfield>
    <subfield code="p">report</subfield>
    <subfield code="p">cdu33</subfield>
    <subfield code="p">rero_explore</subfield>
    <subfield code="z">dissertation</subfield>
    <subfield code="z">cdu1</subfield>
    <subfield code="z">preprint</subfield>
    <subfield code="z">hegge</subfield>
    <subfield code="z">cdu16</subfield>
    <subfield code="z">journal</subfield>
    <subfield code="z">book</subfield>
    <subfield code="z">thesis</subfield>
    <subfield code="z">thesis_urn</subfield>
    <subfield code="z">cdu34</subfield>
    <subfield code="z">postprint</subfield>
  </datafield>
  <datafield tag="027" ind1=" " ind2=" ">
    <subfield code="a">N° HES-SO/HEG-GE/C—09/1/1--CH</subfield>
  </datafield>
  <datafield tag="041" ind1=" " ind2=" ">
    <subfield code="a">eng</subfield>
  </datafield>
  <datafield tag="080" ind1=" " ind2=" ">
    <subfield code="a">33</subfield>
  </datafield>
  <datafield tag="100" ind1=" " ind2=" ">
    <subfield code="a">Ramirez, José</subfield>
    <subfield code="u">Haute école de gestion de Genève</subfield>
  </datafield>
  <datafield tag="245" ind1=" " ind2=" ">
    <subfield code="9">eng</subfield>
    <subfield code="a">Wage inequality and segregation between native and immigrant workers in Switzerland : evidence using matched employee-employer data</subfield>
    <subfield code="b">cahier de recherche</subfield>
  </datafield>
  <datafield tag="269" ind1=" " ind2=" ">
    <subfield code="c">2009</subfield>
  </datafield>
  <datafield tag="520" ind1=" " ind2=" ">
    <subfield code="9">fre</subfield>
    <subfield code="a">Ce papier présente une analyse empirique de l’inégalité salariale et de la ségrégation entre suisses et immigrants au niveau de l’entreprise. Notre approche tient compte de l’interaction entre le niveau de qualifications et le statut d’immigration (i.e. type de permis). En premier lieu nous calculons les taux d’exposition dans le but d’analyser la ségrégation au niveau de l’entreprise selon ces deux dimensions. Deuxièmement, nous examinons le rôle de la ségrégation dans l’explication de l’inégalité salariale observée entre les différents groupes nationalité-niveau de qualifications. Nous utilisons l’Enquête suisse sur la structure des salaires de 2002 qui récolte des données sur les salaires individuels auprès d’un très grand nombre d’entreprises sur l’ensemble des secteurs, couvrant environ 42'000 entreprises et près d’un million de salariés. Nos résultats montrent que la ségrégation entre entreprises est particulièrement prononcée pour les travailleurs étrangers peu qualifiés et pour les récemment arrivés, soit les travailleurs étrangers hautement qualifiés. Les premiers gagnent des salaires inférieurs à ceux des Suisses ayant un même niveau de qualifications, alors que les derniers obtiennent des salaires supérieurs aux suisses ayant un niveau de qualifications identique. Dans les deux cas, la ségrégation à l’intérieur des entreprises expliquent la quasi-totalité des différences de salaires observées au niveau individuel.</subfield>
  </datafield>
  <datafield tag="520" ind1=" " ind2=" ">
    <subfield code="9">eng</subfield>
    <subfield code="a">This paper focuses on the empirical analysis of wage inequality and segregation between immigrants and natives in the workplace. Our approach accounts for the interaction between skill level and immigration status (work permit). First, we calculate exposure rates in order to analyze segregation at the firm level along these two dimensions. Second, we examine the role of segregation in the explanation of wage inequality between different skill-nationality groups. We use data from the Swiss Wage Structure Survey 2002 which records individual wages among a very large sample of establishments in all industries, covering approximately 42’000 firms and 1 million workers. Our results show that interfirm segregation is particularly pronounced for unskilled foreign workers and for recently arrived, highly skilled foreigners. The former earn lower wages than equally skilled Swiss workers and the latter are paid higher wages than highly skilled Swiss workers. In both cases, interfirm segregation accounts for almost the entire wage differential.</subfield>
  </datafield>
  <datafield tag="695" ind1=" " ind2=" ">
    <subfield code="9">fre</subfield>
    <subfield code="a">salaires ; inégalité ; ségrégation ; qualifications ; immigrants ; permis de travail</subfield>
  </datafield>
  <datafield tag="695" ind1=" " ind2=" ">
    <subfield code="9">eng</subfield>
    <subfield code="a">wage ; inequality ; segregation ; skills ; migrants ; work permits</subfield>
  </datafield>
  <datafield tag="700" ind1=" " ind2=" ">
    <subfield code="a">Müller, Tobias</subfield>
    <subfield code="u">Université de Genève</subfield>
  </datafield>
  <datafield tag="856" ind1="4" ind2=" ">
    <subfield code="f">cahier_recherche-wage_and_migration-_01-2009.pdf</subfield>
    <subfield code="q">application/pdf</subfield>
    <subfield code="s">326954</subfield>
    <subfield code="u">http://doc.rero.ch/record/11730/files/cahier_recherche-wage_and_migration-_01-2009.pdf</subfield>
    <subfield code="y">order:1</subfield>
    <subfield code="z">Texte intégral</subfield>
  </datafield>
  <datafield tag="918" ind1=" " ind2=" ">
    <subfield code="c">Centre de recherche appliquée en gestion (CRAG)</subfield>
  </datafield>
  <datafield tag="919" ind1=" " ind2=" ">
    <subfield code="a">Haute école de gestion de Genève</subfield>
    <subfield code="b">Genève</subfield>
    <subfield code="d">doc.support@rero.ch</subfield>
  </datafield>
  <datafield tag="980" ind1=" " ind2=" ">
    <subfield code="a">REPORT</subfield>
    <subfield code="b">HEGGE</subfield>
  </datafield>
  <datafield tag="990" ind1=" " ind2=" ">
    <subfield code="a">20090404093756-ZY</subfield>
  </datafield>
</record>