
<record>
  <controlfield tag="001">11724</controlfield>
  <controlfield tag="005">20130605082944.0</controlfield>
  <datafield tag="024" ind1="8" ind2=" ">
    <subfield code="a">oai:doc.rero.ch:20090402101706-AZ</subfield>
    <subfield code="p">report</subfield>
    <subfield code="p">cdu33</subfield>
    <subfield code="p">rero_explore</subfield>
    <subfield code="z">dissertation</subfield>
    <subfield code="z">cdu1</subfield>
    <subfield code="z">preprint</subfield>
    <subfield code="z">hegge</subfield>
    <subfield code="z">cdu16</subfield>
    <subfield code="z">journal</subfield>
    <subfield code="z">book</subfield>
    <subfield code="z">thesis</subfield>
    <subfield code="z">thesis_urn</subfield>
    <subfield code="z">cdu34</subfield>
    <subfield code="z">postprint</subfield>
  </datafield>
  <datafield tag="027" ind1=" " ind2=" ">
    <subfield code="a">HES-SO/HEG-GE/C--04/1/1--CH</subfield>
  </datafield>
  <datafield tag="041" ind1=" " ind2=" ">
    <subfield code="a">fre</subfield>
  </datafield>
  <datafield tag="080" ind1=" " ind2=" ">
    <subfield code="a">33</subfield>
  </datafield>
  <datafield tag="100" ind1=" " ind2=" ">
    <subfield code="a">Equey, Catherine</subfield>
    <subfield code="u">Haute école de gestion de Genève</subfield>
  </datafield>
  <datafield tag="245" ind1=" " ind2=" ">
    <subfield code="9">fre</subfield>
    <subfield code="a">La mise en place d'une solution de gestion moderne (ERP/PGI), quels enjeux pour une PME/MPI ? 1ère partie : étude de cas détaillés</subfield>
    <subfield code="b">Cahier de recherche</subfield>
  </datafield>
  <datafield tag="269" ind1=" " ind2=" ">
    <subfield code="c">2004</subfield>
  </datafield>
  <datafield tag="300" ind1=" " ind2=" ">
    <subfield code="a">19 p.</subfield>
  </datafield>
  <datafield tag="520" ind1=" " ind2=" ">
    <subfield code="9">fre</subfield>
    <subfield code="a">Notre recherche est une « étude de cas détaillés » portant sur un nombre restreint de PME/PMI suisses romandes qui ont installé l’ERP (PGI) Oracle E-Business suite. Les informations ont été récoltées par des interviews approfondis avec plusieurs personnes impliquées dans le projet (direction, chef de projet, informaticien et/ou utilisateurs). L’analyse des réponses obtenues permet de dégager des tendances sur les projets ERP dans les PME/PMI ainsi que sur les critères importants qui définissent le profil des PME/PMI propices à l’implémentation d’ERP. Nous relevons également les recommandations faites par les chefs et cheffes d’entreprises.</subfield>
  </datafield>
  <datafield tag="520" ind1=" " ind2=" ">
    <subfield code="9">eng</subfield>
    <subfield code="a">Our research is a « detailed case study » of a limited number of mid-sized French speaking enterprises that have installed the ERP Oracle E-Business suite. The information has been collected through thorough interviews with many employees involved in the implementation and development of the project (manager, project lead, IT specialists and/or users). From the analysis of the answers gathered, we were able to highlight the trends regarding the ERP project in these mid-sized enterprises, as well as the main criteria that define the profile of the mid-sized enterprises potentially interested in the ERP implementation. We are also taking note of the recommendations made by the management.</subfield>
  </datafield>
  <datafield tag="695" ind1=" " ind2=" ">
    <subfield code="9">fre</subfield>
    <subfield code="a">ERP ; PGI ; PME ; PMI</subfield>
  </datafield>
  <datafield tag="695" ind1=" " ind2=" ">
    <subfield code="9">eng</subfield>
    <subfield code="a">ERP ; SME</subfield>
  </datafield>
  <datafield tag="856" ind1="4" ind2=" ">
    <subfield code="f">pub_wp_ce_01082004.pdf</subfield>
    <subfield code="q">application/pdf</subfield>
    <subfield code="s">256993</subfield>
    <subfield code="u">http://doc.rero.ch/record/11724/files/pub_wp_ce_01082004.pdf</subfield>
    <subfield code="y">order:1</subfield>
    <subfield code="z">Texte intégral</subfield>
  </datafield>
  <datafield tag="918" ind1=" " ind2=" ">
    <subfield code="c">Centre de recherche appliquée en gestion (CRAG)</subfield>
  </datafield>
  <datafield tag="919" ind1=" " ind2=" ">
    <subfield code="a">Haute école de gestion de Genève</subfield>
    <subfield code="b">Genève</subfield>
    <subfield code="d">doc.support@rero.ch</subfield>
  </datafield>
  <datafield tag="980" ind1=" " ind2=" ">
    <subfield code="a">REPORT</subfield>
    <subfield code="b">HEGGE</subfield>
  </datafield>
  <datafield tag="990" ind1=" " ind2=" ">
    <subfield code="a">20090402101706-AZ</subfield>
  </datafield>
</record>