
<record>
  <controlfield tag="001">11706</controlfield>
  <controlfield tag="005">20130211173751.0</controlfield>
  <datafield tag="024" ind1="8" ind2=" ">
    <subfield code="a">oai:doc.rero.ch:20090327145029-FJ</subfield>
    <subfield code="p">dissertation</subfield>
    <subfield code="z">cdu1</subfield>
    <subfield code="z">preprint</subfield>
    <subfield code="z">hegge</subfield>
    <subfield code="z">cdu16</subfield>
    <subfield code="z">journal</subfield>
    <subfield code="z">book</subfield>
    <subfield code="z">cdu004</subfield>
    <subfield code="z">thesis</subfield>
    <subfield code="z">report</subfield>
    <subfield code="z">thesis_urn</subfield>
    <subfield code="z">cdu34</subfield>
    <subfield code="z">postprint</subfield>
  </datafield>
  <datafield tag="035" ind1=" " ind2=" ">
    <subfield code="a">R005023545</subfield>
  </datafield>
  <datafield tag="041" ind1=" " ind2=" ">
    <subfield code="a">fre</subfield>
  </datafield>
  <datafield tag="080" ind1=" " ind2=" ">
    <subfield code="a">004</subfield>
  </datafield>
  <datafield tag="100" ind1=" " ind2=" ">
    <subfield code="a">Sennhauser, David</subfield>
  </datafield>
  <datafield tag="245" ind1=" " ind2=" ">
    <subfield code="9">fre</subfield>
    <subfield code="a">Application de l'analyse technique financière à l'analyse de traces d'exécution de programmes</subfield>
  </datafield>
  <datafield tag="300" ind1=" " ind2=" ">
    <subfield code="a">58 f.</subfield>
  </datafield>
  <datafield tag="502" ind1=" " ind2=" ">
    <subfield code="9">2008</subfield>
    <subfield code="a">Mémoire de bachelor : Haute école de gestion de Genève, 2008 ; TDIG 31</subfield>
  </datafield>
  <datafield tag="520" ind1=" " ind2=" ">
    <subfield code="9">fre</subfield>
    <subfield code="a">Dans le cycle de vie des systèmes d’information, la maintenance est ce qui coûte le plus cher. L’architecture évolue avec les besoins des utilisateurs, les besoins changent et de nombreuses modifications sont effectuées. Avec le temps l’architecture peut se révéler de plus en plus inadaptée parce qu’elle est de plus en plus complexe pour le développeur. De plus, la documentation décrit rarement de manière complète tout le système d’information. D’où le besoin de procéder au réengineering1 du système, en général lorsque les besoins non-fonctionnels 2 ne sont plus respectés. Lors du processus réengineering, on est amené à retrouver l’architecture du système. On a besoin de mapper des éléments 3du code source avec des business use-cases. C’est l’objectif principal de ce travail. Pour réaliser ceci, on enregistre l’exécution d’un use-case métier. On obtient une trace d’exécution qui contient tous les éléments du code source qui sont intervenus dans l’exécution du système. A partir des informations de cette trace et à l’aide de l’analyse technique, je proposerai une technique permettant de retrouver les classes de la trace qui travaillent ensemble, avec une possibilité qu’elles représentent l’implémentation de la fonction logiciel analysée. Je montre également l’application que j’ai réalisé qui implémente la technique de corrélation dynamique que je propose. Je procèderai ensuite à l’expérimentation de cette technique pour montrer les résultats qu’elle produit. J’aborderai aussi les considérations d’implémentation de mon application. Et pour finir, je conclurai et présenterai de nouvelles idées pour apporter des améliorations à ce qui a été réalisé lors de ce travail.</subfield>
  </datafield>
  <datafield tag="695" ind1=" " ind2=" ">
    <subfield code="9">fre</subfield>
    <subfield code="a">analyse informatique ; reconfiguration (organisation) ; système d'information de gestion</subfield>
  </datafield>
  <datafield tag="700" ind1=" " ind2=" ">
    <subfield code="a">Dugerdil, Philippe</subfield>
    <subfield code="e">Dir.</subfield>
  </datafield>
  <datafield tag="856" ind1="4" ind2=" ">
    <subfield code="f">TB_SENNHAUSER_DAVID_v4.pdf</subfield>
    <subfield code="q">application/pdf</subfield>
    <subfield code="s">2632813</subfield>
    <subfield code="u">http://doc.rero.ch/record/11706/files/TB_SENNHAUSER_DAVID_v4.pdf</subfield>
    <subfield code="y">order:1</subfield>
    <subfield code="z">Texte intégral</subfield>
  </datafield>
  <datafield tag="918" ind1=" " ind2=" ">
    <subfield code="a">Haute école de gestion de Genève</subfield>
    <subfield code="c">Informatique de gestion</subfield>
    <subfield code="b">Campus de Battelle, Bâtiment F, 7 route de Drize, 1227 Carouge</subfield>
  </datafield>
  <datafield tag="919" ind1=" " ind2=" ">
    <subfield code="a">Haute école de gestion de Genève</subfield>
    <subfield code="b">Genève</subfield>
    <subfield code="d">doc.support@rero.ch</subfield>
  </datafield>
  <datafield tag="980" ind1=" " ind2=" ">
    <subfield code="a">DISSERTATION</subfield>
    <subfield code="b">HEGGE</subfield>
    <subfield code="f">DISS_BACHELOR</subfield>
  </datafield>
  <datafield tag="990" ind1=" " ind2=" ">
    <subfield code="a">20090327145029-FJ</subfield>
  </datafield>
</record>