
<record>
  <controlfield tag="001">11703</controlfield>
  <controlfield tag="005">20130211173751.0</controlfield>
  <datafield tag="024" ind1="8" ind2=" ">
    <subfield code="a">oai:doc.rero.ch:20090327160047-DX</subfield>
    <subfield code="p">dissertation</subfield>
    <subfield code="z">cdu1</subfield>
    <subfield code="z">preprint</subfield>
    <subfield code="z">hegge</subfield>
    <subfield code="z">cdu16</subfield>
    <subfield code="z">journal</subfield>
    <subfield code="z">book</subfield>
    <subfield code="z">cdu004</subfield>
    <subfield code="z">thesis</subfield>
    <subfield code="z">report</subfield>
    <subfield code="z">thesis_urn</subfield>
    <subfield code="z">cdu34</subfield>
    <subfield code="z">postprint</subfield>
  </datafield>
  <datafield tag="035" ind1=" " ind2=" ">
    <subfield code="a">R005023522</subfield>
  </datafield>
  <datafield tag="041" ind1=" " ind2=" ">
    <subfield code="a">fre</subfield>
  </datafield>
  <datafield tag="080" ind1=" " ind2=" ">
    <subfield code="a">004</subfield>
  </datafield>
  <datafield tag="100" ind1=" " ind2=" ">
    <subfield code="a">Sauvain, Renaud</subfield>
  </datafield>
  <datafield tag="245" ind1=" " ind2=" ">
    <subfield code="9">fre</subfield>
    <subfield code="a">Interfaces graphiques 3D orientés Web</subfield>
  </datafield>
  <datafield tag="300" ind1=" " ind2=" ">
    <subfield code="a">[65] f.</subfield>
  </datafield>
  <datafield tag="502" ind1=" " ind2=" ">
    <subfield code="9">2008</subfield>
    <subfield code="a">Mémoire de bachelor : Haute école de gestion de Genève, 2008 ; TDIG 29</subfield>
  </datafield>
  <datafield tag="520" ind1=" " ind2=" ">
    <subfield code="9">fre</subfield>
    <subfield code="a">Représentant le meilleur de la technologie informatique, démonstration de la puissance de calcul des ordinateurs dernier cri, depuis toujours associé à une atmosphère futuriste et passionnante, l'affichage en trois dimensions a depuis des années envahi le contenu vidéo ludique de nos ordinateurs. Malgré tout, ces démonstrations se contentent d'apparitions craintives sur la toile. Ce travail à pour but principal de mettre en avant ces technologies et leurs utilisations et ainsi de donner un aperçu global du monde de la 3D sur internet. Ce document est avant tout destiné à toutes personnes désireuses de s'informer sur l'état des technologies actuelles, mais également à être un point de départ pour une entreprise désireuse de se lancer dans un tel développement. Pour la majeure partie, ce dossier se veut accessible à tous, et aucune connaissance spécifique n'est préalablement requise. Il faudra néanmoins une certaine familiarité avec la syntaxe des divers langages de programmation utilisés pour pouvoir passer de cette étude à une réelle mise en place de solution. Les informations relevés dans ce dossier ont été principalement puisées de l'intarissable source qu'est internet, la bibliographie classique étant pour ainsi dire inexistante sur le sujet. Pour cela, cette recherche est un reflet de la principale tâche qui fut le voyage virtuel, parmi les nombreux sites, forums, articles et tutoriels détaillant du sujet sur la toile. Débutant par l'étudie des utilisations actuelles des affichages 3D sur internet, un tour d'horizon des technologies existantes est effectué, apportant une vue d'ensemble au plongeon dans les technologies nécessaires aux développements constituant la partie centrale de notre recherche. Celle ci démontre comment de telles solutions peuvent être effectivement mises en place; elle met en valeur deux exemples d'utilisation et de technologies distinctes. Lors de ces réalisations pratiques nous passerons sous la loupe les technologies choisies, la mise en place de leur solution, le déploiement de celle-ci sur un site internet et l'étude de points précis et de certains problèmes rencontrés. En guise de clôture, une analyse des possibilités futures et des acteurs principaux du domaine sera menée, suivie d'une brève étude du marché local en Suisse. La 3D est elle viable comme technologie commerciale ? Comment sera le Web de demain? Ce travail n'a pas la prétention de pouvoir répondre à de telles questions, mais bien de donner les grandes lignes directrices du domaine, permettant à chacun d'émettre son opinion en disposant d'un maximum d'informations et d'éveiller l'intérêt pour ces technologies.</subfield>
  </datafield>
  <datafield tag="695" ind1=" " ind2=" ">
    <subfield code="9">fre</subfield>
    <subfield code="a">image tridimensionnelle ; interface graphique ; World Wide Web</subfield>
  </datafield>
  <datafield tag="700" ind1=" " ind2=" ">
    <subfield code="a">Daehne, Peter</subfield>
    <subfield code="e">Dir.</subfield>
  </datafield>
  <datafield tag="856" ind1="4" ind2=" ">
    <subfield code="f">Interfaces_graphique3D_oriente_Web.pdf</subfield>
    <subfield code="q">application/pdf</subfield>
    <subfield code="s">2258716</subfield>
    <subfield code="u">http://doc.rero.ch/record/11703/files/Interfaces_graphique3D_oriente_Web.pdf</subfield>
    <subfield code="y">order:1</subfield>
    <subfield code="z">Texte intégral</subfield>
  </datafield>
  <datafield tag="918" ind1=" " ind2=" ">
    <subfield code="a">Haute école de gestion de Genève</subfield>
    <subfield code="c">Informatique de gestion</subfield>
    <subfield code="b">Campus de Battelle, Bâtiment F, 7 route de Drize, 1227 Carouge</subfield>
  </datafield>
  <datafield tag="919" ind1=" " ind2=" ">
    <subfield code="a">Haute école de gestion de Genève</subfield>
    <subfield code="b">Genève</subfield>
    <subfield code="d">doc.support@rero.ch</subfield>
  </datafield>
  <datafield tag="980" ind1=" " ind2=" ">
    <subfield code="a">DISSERTATION</subfield>
    <subfield code="b">HEGGE</subfield>
    <subfield code="f">DISS_BACHELOR</subfield>
  </datafield>
  <datafield tag="990" ind1=" " ind2=" ">
    <subfield code="a">20090327160047-DX</subfield>
  </datafield>
</record>