
<record>
  <controlfield tag="001">11701</controlfield>
  <controlfield tag="005">20130211173751.0</controlfield>
  <datafield tag="024" ind1="8" ind2=" ">
    <subfield code="a">oai:doc.rero.ch:20090327162046-PF</subfield>
    <subfield code="p">dissertation</subfield>
    <subfield code="z">cdu1</subfield>
    <subfield code="z">preprint</subfield>
    <subfield code="z">hegge</subfield>
    <subfield code="z">cdu16</subfield>
    <subfield code="z">journal</subfield>
    <subfield code="z">book</subfield>
    <subfield code="z">cdu004</subfield>
    <subfield code="z">thesis</subfield>
    <subfield code="z">report</subfield>
    <subfield code="z">thesis_urn</subfield>
    <subfield code="z">cdu34</subfield>
    <subfield code="z">postprint</subfield>
  </datafield>
  <datafield tag="035" ind1=" " ind2=" ">
    <subfield code="a">R005023431</subfield>
  </datafield>
  <datafield tag="041" ind1=" " ind2=" ">
    <subfield code="a">fre</subfield>
  </datafield>
  <datafield tag="080" ind1=" " ind2=" ">
    <subfield code="a">004</subfield>
  </datafield>
  <datafield tag="100" ind1=" " ind2=" ">
    <subfield code="a">Kerhervé, Jean-Christophe</subfield>
  </datafield>
  <datafield tag="245" ind1=" " ind2=" ">
    <subfield code="9">fre</subfield>
    <subfield code="a">L’interopérabilité des systèmes d’information géographique</subfield>
  </datafield>
  <datafield tag="300" ind1=" " ind2=" ">
    <subfield code="a">57 f.</subfield>
  </datafield>
  <datafield tag="502" ind1=" " ind2=" ">
    <subfield code="9">2008</subfield>
    <subfield code="a">Mémoire de bachelor : Haute école de gestion de Genève, 2008 ; TDIG 26</subfield>
  </datafield>
  <datafield tag="520" ind1=" " ind2=" ">
    <subfield code="9">fre</subfield>
    <subfield code="a">Un système d'information géographique (SIG) est un outil informatique permettant d'organiser et présenter des données spatialement référencées. L'interopérabilité de systèmes d’information géographique est la capacité que possèdent ces systèmes à partager la découverte, l’accès et l’utilisation de leurs informations respectives. Actuellement les méthodes utilisées pour la recherche, l’accès, la description et l’appui à l’utilisation des données diffèrent d’un SIG à l’autre. Les projets de partage d’information géographique entre des SIG nécessitent des développements d’interfaces spécifiques, pouvant entrainer des délais et coûts importants de réalisation. Il y a donc un besoin de faciliter la recherche, l’accès, la description et l’utilisation des données géographiques, c'est-à-dire assurer une meilleure interopérabilité des SIG. La question est de déterminer ce qu’il faut faire pour rendre interopérables des SIG et en particulier il est nécessaire de définir de quelle manière l’application de normes peut favoriser l’interopérabilité des SIG. Á partir des années 1995, l’ISO et l’OGC ont commencé à développer des normes pour les SIG facilitant l’interopérabilité des SIG. L’ISO et l’OGC ont déjà publié plus d’une soixantaine de normes et continuent à travailler sur des normes complémentaires. L’ISO s’est intéressée à la modélisation du monde réel fondée sur le concept d’entités géographiques y compris leurs définitions, attributs, associations et opérations. L’ISO a développé une méthodologie pour créer des schémas d’application utilisant la modélisation UML pour la représentation des données et des métadonnées. L’OGC s’est intéressée aux services et a développé des spécifications pour accéder et télécharger les données. Les travaux des deux organismes sont complémentaires. L’ISO a adopté des normes OGC et l’OGC a repris les aspects méthodologie et modélisation de l’ISO dans ses documents de base. Dans le futur on peut s’attendre à ce que l’ISO adopte d’autres normes OGC.</subfield>
  </datafield>
  <datafield tag="695" ind1=" " ind2=" ">
    <subfield code="9">fre</subfield>
    <subfield code="a">normalisation ; système d'information géographique</subfield>
  </datafield>
  <datafield tag="700" ind1=" " ind2=" ">
    <subfield code="a">Daehne, Peter</subfield>
    <subfield code="e">Dir.</subfield>
  </datafield>
  <datafield tag="856" ind1="4" ind2=" ">
    <subfield code="f">KERHERVE_TD.pdf</subfield>
    <subfield code="q">application/pdf</subfield>
    <subfield code="s">1170260</subfield>
    <subfield code="u">http://doc.rero.ch/record/11701/files/KERHERVE_TD.pdf</subfield>
    <subfield code="y">order:1</subfield>
    <subfield code="z">Texte intégral</subfield>
  </datafield>
  <datafield tag="918" ind1=" " ind2=" ">
    <subfield code="a">Haute école de gestion de Genève</subfield>
    <subfield code="c">Informatique de gestion</subfield>
    <subfield code="b">Campus de Battelle, Bâtiment F, 7 route de Drize, 1227 Carouge</subfield>
  </datafield>
  <datafield tag="919" ind1=" " ind2=" ">
    <subfield code="a">Haute école de gestion de Genève</subfield>
    <subfield code="b">Genève</subfield>
    <subfield code="d">doc.support@rero.ch</subfield>
  </datafield>
  <datafield tag="980" ind1=" " ind2=" ">
    <subfield code="a">DISSERTATION</subfield>
    <subfield code="b">HEGGE</subfield>
    <subfield code="f">DISS_BACHELOR</subfield>
  </datafield>
  <datafield tag="990" ind1=" " ind2=" ">
    <subfield code="a">20090327162046-PF</subfield>
  </datafield>
</record>