
<record>
  <controlfield tag="001">11700</controlfield>
  <controlfield tag="005">20130211173751.0</controlfield>
  <datafield tag="024" ind1="8" ind2=" ">
    <subfield code="a">oai:doc.rero.ch:20090327162441-QS</subfield>
    <subfield code="p">dissertation</subfield>
    <subfield code="z">cdu1</subfield>
    <subfield code="z">preprint</subfield>
    <subfield code="z">hegge</subfield>
    <subfield code="z">cdu16</subfield>
    <subfield code="z">journal</subfield>
    <subfield code="z">book</subfield>
    <subfield code="z">cdu004</subfield>
    <subfield code="z">thesis</subfield>
    <subfield code="z">report</subfield>
    <subfield code="z">thesis_urn</subfield>
    <subfield code="z">cdu34</subfield>
    <subfield code="z">postprint</subfield>
  </datafield>
  <datafield tag="035" ind1=" " ind2=" ">
    <subfield code="a">R005023411</subfield>
  </datafield>
  <datafield tag="041" ind1=" " ind2=" ">
    <subfield code="a">fre</subfield>
  </datafield>
  <datafield tag="080" ind1=" " ind2=" ">
    <subfield code="a">004</subfield>
  </datafield>
  <datafield tag="100" ind1=" " ind2=" ">
    <subfield code="a">Ehrbar, Jérôme</subfield>
  </datafield>
  <datafield tag="245" ind1=" " ind2=" ">
    <subfield code="9">fre</subfield>
    <subfield code="a">Développement professionnel en PHP quels frameworks s'offrent aux entreprises ?</subfield>
  </datafield>
  <datafield tag="300" ind1=" " ind2=" ">
    <subfield code="a">55 f.</subfield>
  </datafield>
  <datafield tag="502" ind1=" " ind2=" ">
    <subfield code="9">2008</subfield>
    <subfield code="a">Mémoire de bachelor : Haute école de gestion de Genève, 2008 ; TDIG 24</subfield>
  </datafield>
  <datafield tag="520" ind1=" " ind2=" ">
    <subfield code="9">fre</subfield>
    <subfield code="a">Les frameworks PHP sont des outils aidant à la réalisation d’une application. Le but de ce travail était de déterminer quels frameworks les entreprises peuvent-elles choisir. Il commence par une sélection de frameworks PHP existant sur le marché. Un ensemble de critères a été définis afin de les évaluer. Sur la base de cette analyse, certains frameworks ont été sélectionnés dans le but de réaliser une petite application avec chaque framework. Ainsi, le lecteur voit les différences de façon pratique entre ces frameworks. On voit ainsi l’intérêt d’un framework sur un autre. Ce travail se termine par une conclusion. Elle finit par une réflexion sur l’intérêt d’utiliser un framework pour une entreprise et ce que pourrait être un framework dans quelques années.</subfield>
  </datafield>
  <datafield tag="695" ind1=" " ind2=" ">
    <subfield code="9">fre</subfield>
    <subfield code="a">gestion d'entreprise ; PHP (langage de programmation) ; système d'information (informatique)</subfield>
  </datafield>
  <datafield tag="700" ind1=" " ind2=" ">
    <subfield code="a">Hauri, Rolf</subfield>
    <subfield code="e">Dir.</subfield>
  </datafield>
  <datafield tag="856" ind1="4" ind2=" ">
    <subfield code="f">TD_quels_frameworks_s_offrent_aux_entreprises.pdf</subfield>
    <subfield code="q">application/pdf</subfield>
    <subfield code="s">1014231</subfield>
    <subfield code="u">http://doc.rero.ch/record/11700/files/TD_quels_frameworks_s_offrent_aux_entreprises.pdf</subfield>
    <subfield code="y">order:1</subfield>
    <subfield code="z">Texte intégral</subfield>
  </datafield>
  <datafield tag="918" ind1=" " ind2=" ">
    <subfield code="c">Informatique de gestion</subfield>
  </datafield>
  <datafield tag="919" ind1=" " ind2=" ">
    <subfield code="a">Haute école de gestion de Genève</subfield>
    <subfield code="b">Genève</subfield>
    <subfield code="d">doc.support@rero.ch</subfield>
  </datafield>
  <datafield tag="980" ind1=" " ind2=" ">
    <subfield code="a">DISSERTATION</subfield>
    <subfield code="b">HEGGE</subfield>
    <subfield code="f">DISS_BACHELOR</subfield>
  </datafield>
  <datafield tag="990" ind1=" " ind2=" ">
    <subfield code="a">20090327162441-QS</subfield>
  </datafield>
</record>