
<record>
  <controlfield tag="001">11699</controlfield>
  <controlfield tag="005">20130211173751.0</controlfield>
  <datafield tag="024" ind1="8" ind2=" ">
    <subfield code="a">oai:doc.rero.ch:20090327162952-EC</subfield>
    <subfield code="p">dissertation</subfield>
    <subfield code="z">cdu1</subfield>
    <subfield code="z">preprint</subfield>
    <subfield code="z">hegge</subfield>
    <subfield code="z">cdu16</subfield>
    <subfield code="z">journal</subfield>
    <subfield code="z">book</subfield>
    <subfield code="z">cdu004</subfield>
    <subfield code="z">thesis</subfield>
    <subfield code="z">report</subfield>
    <subfield code="z">thesis_urn</subfield>
    <subfield code="z">cdu34</subfield>
    <subfield code="z">postprint</subfield>
  </datafield>
  <datafield tag="035" ind1=" " ind2=" ">
    <subfield code="a">R005023359</subfield>
  </datafield>
  <datafield tag="041" ind1=" " ind2=" ">
    <subfield code="a">fre</subfield>
  </datafield>
  <datafield tag="080" ind1=" " ind2=" ">
    <subfield code="a">004</subfield>
  </datafield>
  <datafield tag="100" ind1=" " ind2=" ">
    <subfield code="a">Guillon, Philippe</subfield>
  </datafield>
  <datafield tag="245" ind1=" " ind2=" ">
    <subfield code="9">fre</subfield>
    <subfield code="a">Etat de l'art du spam, solutions et recommandations</subfield>
  </datafield>
  <datafield tag="300" ind1=" " ind2=" ">
    <subfield code="a">81 f.</subfield>
  </datafield>
  <datafield tag="502" ind1=" " ind2=" ">
    <subfield code="9">2008</subfield>
    <subfield code="a">Mémoire de bachelor : Haute école de gestion de Genève, 2008 ; TDIG 25</subfield>
  </datafield>
  <datafield tag="520" ind1=" " ind2=" ">
    <subfield code="9">fre</subfield>
    <subfield code="a">Célèbre pour les nombreux désagréments qu’il cause, le spam est revenu en l’espace d’une dizaine d’années le principal fléau d’internet. Agissant à l’échelle mondiale, le nombre de victimes est colossal. Malgré l’ampleur du préjudice causé, force est de constater que la situation n’est toujours pas maîtrisée. Dans un premier temps, l’objectif de ce travail est donc de dresser un état de l’art du spam. Ceci nous permet de connaître ses origines, ses objectifs et la façon dont il a évolué, ainsi que les démarches plus ou moins réussies entreprises pour le contrer. Cette étude nous aide d’une part à comprendre la situation dans laquelle nous nous trouvons actuellement et d’autre part de prévoir autant que possible l’évolution future du spam. Dans un deuxième temps, l’aspect pratique de la lutte antispam est abordé. L’objectif est de fournir un ensemble d’informations et de recommandations afin d’aider tout responsable informatique à choisir une solution anti-spam adaptée à son cas. Une succession d’étapes permettant de mener à bien un tel projet est aussi proposée et servira, si besoin est, de fil rouge. Pour terminer, une étude de cas présente de façon résumée la situation rencontrée par l’association Paléo par rapport à sa gestion des spams.</subfield>
  </datafield>
  <datafield tag="695" ind1=" " ind2=" ">
    <subfield code="9">fre</subfield>
    <subfield code="a">spam ; spamming ; spammeurs ; pourriel ; mail ; email ; e-mail ; messagerie ; smtp ; open relay ; botnet ; phishing ; pump and dump ; captcha ; virus ; malware ; sécurité ; anti-spam ; courrier électronique ; sécurité des données ; courrier électronique ; protection</subfield>
  </datafield>
  <datafield tag="700" ind1=" " ind2=" ">
    <subfield code="a">Hauri, Rolf</subfield>
    <subfield code="e">Dir.</subfield>
  </datafield>
  <datafield tag="856" ind1="4" ind2=" ">
    <subfield code="f">TDSpam_GuillonP.pdf</subfield>
    <subfield code="q">application/pdf</subfield>
    <subfield code="s">1955934</subfield>
    <subfield code="u">http://doc.rero.ch/record/11699/files/TDSpam_GuillonP.pdf</subfield>
    <subfield code="y">order:1</subfield>
    <subfield code="z">Texte intégral</subfield>
  </datafield>
  <datafield tag="918" ind1=" " ind2=" ">
    <subfield code="a">Haute école de gestion de Genève</subfield>
    <subfield code="c">Informatique de gestion</subfield>
    <subfield code="b">Campus de Battelle, Bâtiment F, 7 route de Drize, 1227 Carouge</subfield>
  </datafield>
  <datafield tag="919" ind1=" " ind2=" ">
    <subfield code="a">Haute école de gestion de Genève</subfield>
    <subfield code="b">Genève</subfield>
    <subfield code="d">doc.support@rero.ch</subfield>
  </datafield>
  <datafield tag="980" ind1=" " ind2=" ">
    <subfield code="a">DISSERTATION</subfield>
    <subfield code="b">HEGGE</subfield>
    <subfield code="f">DISS_BACHELOR</subfield>
  </datafield>
  <datafield tag="990" ind1=" " ind2=" ">
    <subfield code="a">20090327162952-EC</subfield>
  </datafield>
</record>