
<record>
  <controlfield tag="001">11677</controlfield>
  <controlfield tag="005">20130605082944.0</controlfield>
  <datafield tag="024" ind1="8" ind2=" ">
    <subfield code="a">oai:doc.rero.ch:20090326105712-TS</subfield>
    <subfield code="p">cdu33</subfield>
    <subfield code="p">rero_explore</subfield>
    <subfield code="p">postprint</subfield>
    <subfield code="z">dissertation</subfield>
    <subfield code="z">cdu1</subfield>
    <subfield code="z">preprint</subfield>
    <subfield code="z">hegge</subfield>
    <subfield code="z">cdu16</subfield>
    <subfield code="z">journal</subfield>
    <subfield code="z">book</subfield>
    <subfield code="z">thesis</subfield>
    <subfield code="z">report</subfield>
    <subfield code="z">thesis_urn</subfield>
    <subfield code="z">cdu34</subfield>
  </datafield>
  <datafield tag="041" ind1=" " ind2=" ">
    <subfield code="a">eng</subfield>
  </datafield>
  <datafield tag="080" ind1=" " ind2=" ">
    <subfield code="a">33</subfield>
  </datafield>
  <datafield tag="100" ind1=" " ind2=" ">
    <subfield code="a">Baranzini, Andrea</subfield>
    <subfield code="u">Haute école de gestion de Genève</subfield>
  </datafield>
  <datafield tag="245" ind1=" " ind2=" ">
    <subfield code="9">eng</subfield>
    <subfield code="a">Introduction to this volume : applying hedonics in the swiss housing markets</subfield>
  </datafield>
  <datafield tag="520" ind1=" " ind2=" ">
    <subfield code="9">eng</subfield>
    <subfield code="a">On June 27–30, 2007, we organized at the Geneva School of Business Administration an International Symposium entitled “Hedonic Methods in Real Estate”. Given the numerous existing applications of hedonics in Switzerland, we decided to devote one day and a half of the Symposium to the Swiss research on and the policy applications of the hedonic model. During the first day, called the “Swiss hedonic day”, Swiss researchers from universities, consulting firms and banks discussed the models they use, the topics analysed, data, econometric issues, and results of the hedonic approach applied to the Swiss housing and property markets. During the “Swiss policy day”, the participants discussed the major policy issues in the noise context, as well as the main economic implications for noise policies. Then, two days of the Symposium convened leading international scholars in order to present and discuss innovative solutions and practices in assessing the characteristics of rent determination and economic impact of environmental improvements and land use changes, as well as the presence of residential segregation and discrimination in housing markets. Through a careful review and selection of the topics presented during the “International Day”, we edited the papers of high quality and published them in “Hedonic Methods in Housing Markets. Pricing Environmental Amenities and Segregation”, New York: Springer, 2008. Inspired by the quality and quantity of applications of the hedonic model in the Swiss housing and property markets, we launched the “Swiss network for hedonicmethods in real estate and housing”1. We selected some of the papers that were presented during the Swiss Day, carefully reviewed them and had their authors revise them repeatedly. Those papers are now contained in the present issue of the Swiss Journal of Economics and Statistics. Our greatest gratitude is to the authors, who have participated with much enthusiasm to this project and spent a lot of time in writing and revising their papers. We gratefully acknowledge financial support for the Geneva International Symposium and our own research in the field of hedonics by the Geneva School of Business Administration (HEG Genève); the University of Applied Sciences Western Switzerland (HES-SO); the Research group on the Economics and Management of the Environment (REME) of the Swiss Federal Institute of Technology, Lausanne (EPFL); the Swiss Academy of Humanities and Social Sciences; and the Swiss National Science Foundation, National Research Program 54 “Sustainable development of the built environment”. Last, but not least, we would like to thank Professor Klaus Neusser, Editor of the Swiss Journal of Economics and Statistics, for his support and faith in this project.</subfield>
  </datafield>
  <datafield tag="700" ind1=" " ind2=" ">
    <subfield code="a">Ramirez, José V.</subfield>
    <subfield code="u">Haute école de gestion de Genève</subfield>
  </datafield>
  <datafield tag="700" ind1=" " ind2=" ">
    <subfield code="a">Schaerer, Caroline</subfield>
    <subfield code="u">Haute école de gestion de Genève</subfield>
  </datafield>
  <datafield tag="700" ind1=" " ind2=" ">
    <subfield code="a">Thalmann, Philippe</subfield>
    <subfield code="u">EPFL</subfield>
  </datafield>
  <datafield tag="773" ind1=" " ind2=" ">
    <subfield code="t">Swiss journal of economics and statistics</subfield>
    <subfield code="g">2008/144/4/543-559</subfield>
  </datafield>
  <datafield tag="856" ind1="4" ind2=" ">
    <subfield code="f">2008-IV-1.pdf</subfield>
    <subfield code="q">application/pdf</subfield>
    <subfield code="s">204966</subfield>
    <subfield code="u">http://doc.rero.ch/record/11677/files/2008-IV-1.pdf</subfield>
    <subfield code="y">order:1</subfield>
    <subfield code="z">Texte intégral</subfield>
  </datafield>
  <datafield tag="918" ind1=" " ind2=" ">
    <subfield code="c">Centre de recherche appliquée en gestion (CRAG)</subfield>
  </datafield>
  <datafield tag="919" ind1=" " ind2=" ">
    <subfield code="a">Haute école de gestion de Genève</subfield>
    <subfield code="b">Genève</subfield>
    <subfield code="d">doc.support@rero.ch</subfield>
  </datafield>
  <datafield tag="980" ind1=" " ind2=" ">
    <subfield code="a">POSTPRINT</subfield>
    <subfield code="b">HEGGE</subfield>
    <subfield code="f">ART_JOURNAL</subfield>
  </datafield>
  <datafield tag="990" ind1=" " ind2=" ">
    <subfield code="a">20090326105712-TS</subfield>
  </datafield>
</record>