
<record>
  <controlfield tag="001">11418</controlfield>
  <controlfield tag="005">20131209145615.0</controlfield>
  <datafield tag="024" ind1="8" ind2=" ">
    <subfield code="a">oai:doc.rero.ch:20090209085521-LN</subfield>
    <subfield code="p">dissertation</subfield>
    <subfield code="p">cdu33</subfield>
    <subfield code="p">infonet_economy</subfield>
    <subfield code="z">cdu1</subfield>
    <subfield code="z">preprint</subfield>
    <subfield code="z">hegge</subfield>
    <subfield code="z">cdu16</subfield>
    <subfield code="z">journal</subfield>
    <subfield code="z">book</subfield>
    <subfield code="z">thesis</subfield>
    <subfield code="z">report</subfield>
    <subfield code="z">thesis_urn</subfield>
    <subfield code="z">cdu34</subfield>
    <subfield code="z">postprint</subfield>
  </datafield>
  <datafield tag="035" ind1=" " ind2=" ">
    <subfield code="a">R004987167</subfield>
  </datafield>
  <datafield tag="041" ind1=" " ind2=" ">
    <subfield code="a">fre</subfield>
  </datafield>
  <datafield tag="080" ind1=" " ind2=" ">
    <subfield code="a">33</subfield>
  </datafield>
  <datafield tag="100" ind1=" " ind2=" ">
    <subfield code="a">Rosset, Elodie</subfield>
  </datafield>
  <datafield tag="245" ind1=" " ind2=" ">
    <subfield code="9">fre</subfield>
    <subfield code="a">L'introduction du web 2.0 dans le recrutement</subfield>
    <subfield code="b">le cas de la Fnac</subfield>
  </datafield>
  <datafield tag="300" ind1=" " ind2=" ">
    <subfield code="a">83 p.</subfield>
  </datafield>
  <datafield tag="502" ind1=" " ind2=" ">
    <subfield code="9">2008</subfield>
    <subfield code="a">Mémoire de bachelor : Haute école de gestion de Genève, 2008 ; TDEE 76</subfield>
  </datafield>
  <datafield tag="520" ind1=" " ind2=" ">
    <subfield code="9">fre</subfield>
    <subfield code="a">En 10 ans, Internet a révolutionné les relations à l’entreprise et les modes de recrutement ! L’utilisation de cette technologie a permis aux professionnels du recrutement de mettre en ligne des annonces sur une longue durée pour atteindre les candidats qui s’y trouvaient. Les entreprises se sont alors empressées de créer un espace RH sur leur site institutionnel et de s’abonner aux sites d’emploi. L’accès à l’information sur la politique des ressources humaines des entreprises et des postes à pourvoir est devenu rapidement accessible et les entreprises ont bénéficié d’une large visibilité. Cependant, elles sont submergées par le nombre excessif de candidaturesreçues et leur traitement est devenu de plus en plus contraignant. La démocratisation du marché de l’emploi due à Internet, incite les candidats à postuler, à plusieurs annonces. Malheureusement les dossiers ne correspondent pas toujours aux critères de sélection demandés et se noient dans l’immensité du Web. L’émergence des outils de Web 2.0 sont en train de bousculer les pratiques des recruteurs et des entreprises. Face à cette multitude de curriculum vitae, il devient difficile de présélectionner efficacement et équitablement les dossiers de candidatures. Le recours à des outils tels que les sites des réseaux sociaux professionnels valorisent la mise en relation avec les futurs talents d’une entreprise. En outre, les applications telles que les blogs, les chats ou les forums permettent d’échanger de manière interactive avec les futurs collaborateurs. Ce travail de diplôme a pour but de comprendre comment les outils du Web 2.0 s’utilisent au sein d’une entreprise en tant que moyen de recrutement. C’est à travers Fnac (Suisse) SA que certaines applications de ce concept seront testées et démontrées. Pour ce faire, dans un premier temps les fondements des réseaux sociaux ainsi qu’Internet seront exposées. Afin de prendre connaissance de l’évolution des moyens de recrutement, une rétrospective des canaux a été réalisée. Une fois la partie théorique explorée, le travail présentera, dans un deuxième temps,les résultats de l’enquête qualitative menée auprès des acteurs du marché de l’emploi.Cette étude a pour objectif d’explorer les tendances et les usages en termes de recrutement. Etape qui a permis de proposer des solutions pour Fnac (Suisse) SA. L’introduction du Web 2.0 dans le recrutement : le cas de la Fnac Afin de comprendre les axes de développement proposés à Fnac (Suisse) SA, une analyse du profil ainsi que de la structure des ressources humaines de cette entreprise sera effectuée. Il ressort de ce travail que les logiciels sociaux peuvent être utilisés de trois façons différentes au sein d’une entreprise : · communauté en ligne (internet) · outil complémentaire des systèmes d’information des entreprises (intranet) · moteurs de recherche sur les personnes et les relations (site des réseaux sociaux) C’est à travers ces trois axes que mes recommandations pour Fnac (Suisse) SA seront développées. En effet, la proposition d’un site intranet s’est inspirée des outils complémentaires des systèmes d’information, une orientation « communauté » de la page « La Fnac recrute » de Fnac Suisse SA à travers une approche entreprise ainsi que l’utilisation des sites des réseaux sociaux pour se faire connaître en Suisse alémanique et établir un lien avec les candidats. Finalement afin de savoir dans quelle recommandation faut-il investir, un graphique donnera une idée des actions réalisables à court et moyen terme.</subfield>
  </datafield>
  <datafield tag="700" ind1=" " ind2=" ">
    <subfield code="a">Regamey, Gilles</subfield>
    <subfield code="e">Dir.</subfield>
  </datafield>
  <datafield tag="856" ind1="4" ind2=" ">
    <subfield code="f">TD-Elodie_Rosset-_2008.pdf</subfield>
    <subfield code="q">application/pdf</subfield>
    <subfield code="s">1618733</subfield>
    <subfield code="u">http://doc.rero.ch/record/11418/files/TD-Elodie_Rosset-_2008.pdf</subfield>
    <subfield code="y">order:1</subfield>
    <subfield code="z">Texte intégral</subfield>
  </datafield>
  <datafield tag="918" ind1=" " ind2=" ">
    <subfield code="a">Haute école de gestion de Genève</subfield>
    <subfield code="c">Economie d'entreprise</subfield>
    <subfield code="b">Campus de Battelle, Bâtiment F, 7 route de Drize, 1227 Carouge</subfield>
  </datafield>
  <datafield tag="919" ind1=" " ind2=" ">
    <subfield code="a">Haute école de gestion de Genève</subfield>
    <subfield code="b">Genève</subfield>
    <subfield code="d">doc.support@rero.ch</subfield>
  </datafield>
  <datafield tag="980" ind1=" " ind2=" ">
    <subfield code="a">DISSERTATION</subfield>
    <subfield code="b">HEGGE</subfield>
    <subfield code="f">DISS_BACHELOR</subfield>
  </datafield>
  <datafield tag="990" ind1=" " ind2=" ">
    <subfield code="a">20090209085521-LN</subfield>
  </datafield>
</record>