
<record>
  <controlfield tag="001">11390</controlfield>
  <controlfield tag="005">20130225121959.0</controlfield>
  <datafield tag="024" ind1="8" ind2=" ">
    <subfield code="a">oai:doc.rero.ch:20090122155745-EM</subfield>
    <subfield code="p">dissertation</subfield>
    <subfield code="p">rero_explore</subfield>
    <subfield code="z">cdu1</subfield>
    <subfield code="z">preprint</subfield>
    <subfield code="z">hegge</subfield>
    <subfield code="z">cdu16</subfield>
    <subfield code="z">journal</subfield>
    <subfield code="z">book</subfield>
    <subfield code="z">cdu02</subfield>
    <subfield code="z">thesis</subfield>
    <subfield code="z">report</subfield>
    <subfield code="z">thesis_urn</subfield>
    <subfield code="z">cdu34</subfield>
    <subfield code="z">postprint</subfield>
  </datafield>
  <datafield tag="041" ind1=" " ind2=" ">
    <subfield code="a">fre</subfield>
  </datafield>
  <datafield tag="080" ind1=" " ind2=" ">
    <subfield code="a">02</subfield>
  </datafield>
  <datafield tag="100" ind1=" " ind2=" ">
    <subfield code="a">Mermoud, Alain</subfield>
  </datafield>
  <datafield tag="245" ind1=" " ind2=" ">
    <subfield code="9">fre</subfield>
    <subfield code="a">Besoins et pratiques en veille stratégique en Suisse</subfield>
    <subfield code="b">enquête en ligne réalisée en collaboration avec HEG, HTW, Digimind</subfield>
  </datafield>
  <datafield tag="300" ind1=" " ind2=" ">
    <subfield code="a">93 p.</subfield>
  </datafield>
  <datafield tag="502" ind1=" " ind2=" ">
    <subfield code="9">2008</subfield>
    <subfield code="a">Mémoire de bachelor : Haute école de gestion de Genève, 2008 ; TDB 2060</subfield>
  </datafield>
  <datafield tag="520" ind1=" " ind2=" ">
    <subfield code="9">fre</subfield>
    <subfield code="a">Cette étude a permis de réaliser un premier baromètre des besoins et pratiques en veille stratégique en Suisse. Elle a été réalisée en partenariat, via une enquête en ligne, avec la société française Digimind et la Hochschule für Technik und Wirtschaft de Coire. Le travail s’est articulé autour de quatre grandes étapes : 1. Réalisation d’un état de l’art et choix d’une méthodologie de travail. 2. Rédaction du cahier des charges, de l’état des lieux, et du calendrier. Prises de contacts avec des experts et les premières organisations potentiellement intéressées à répondre à l’enquête. 3. Rédaction du questionnaire et phase interview. Relance téléphonique. 4. Synthèses, analyses et restitution de l’étude. Voici une synthèse des principaux enseignements : · 77% des organisations interrogées pratiquent déjà la veille ; · Le manque de moyens humains, le manque de temps, et la méconnaissance des sources sont les principaux obstacles rencontrés lors de la pratique; · 80% ne connaissent pas ou mal les offres existantes (formations, services, associations, etc.) · Plus de 25% des veilleurs interrogés sont des spécialistes ID ; · Le dispositif de veille est le plus souvent rattaché à la Direction et au Marketing, en particulier dans les PME ; · 80% des dispositifs de veille ont moins de 10 ans ; · En moyenne, un dispositif de veille emploie un peu plus de deux personnes, qui sont renforcés par environ sept veilleurs à temps partiel ; · En moyenne, le budget d’une cellule en Suisse est de 214'000 CHF, mais seulement de 21'000 CHF en Romandie ; · Un tiers des budgets sont en augmentation ; · La veille stratégique sert en priorité à développer de nouveaux produits et à aider à prendre des décisions stratégiques ; · La veille concurrentielle, la veille sociétale, et la veille technologique sont les types de veilles les plus souvent pratiqués ; · Les priorités du dispositif de veille sont de ne pas passer à côté de l’information stratégique ; · La presse (papier et en ligne) est le média le plus consulté, devant les listes de diffusions ; · Google est le moteur de recherche le plus utilisé, et ses produits comme « Google Alerts » ou « Google Reader » sont très appréciés ; · Deux tiers des organisations interrogées observent moins de 50 sources et seulement 10% surveillent plus de 500 sources ; · En termes de maturité et de performance, les pratiques en Suisse se placent derrière la France et le Royaume-Uni.</subfield>
  </datafield>
  <datafield tag="700" ind1=" " ind2=" ">
    <subfield code="a">Madinier, Hélène</subfield>
    <subfield code="e">Dir.</subfield>
  </datafield>
  <datafield tag="856" ind1="4" ind2=" ">
    <subfield code="f">Besoins_et_pratiques_en_VS_en_Suisse.pdf</subfield>
    <subfield code="q">application/pdf</subfield>
    <subfield code="s">10722686</subfield>
    <subfield code="u">http://doc.rero.ch/record/11390/files/Besoins_et_pratiques_en_VS_en_Suisse.pdf</subfield>
    <subfield code="y">order:1</subfield>
    <subfield code="z">Texte intégral</subfield>
  </datafield>
  <datafield tag="918" ind1=" " ind2=" ">
    <subfield code="a">Haute école de gestion de Genève</subfield>
    <subfield code="c">Information documentaire</subfield>
    <subfield code="b">Campus de Battelle, Bâtiment F, 7 route de Drize, 1227 Carouge</subfield>
  </datafield>
  <datafield tag="919" ind1=" " ind2=" ">
    <subfield code="a">Haute école de gestion de Genève</subfield>
    <subfield code="b">Genève</subfield>
    <subfield code="d">doc.support@rero.ch</subfield>
  </datafield>
  <datafield tag="980" ind1=" " ind2=" ">
    <subfield code="a">DISSERTATION</subfield>
    <subfield code="b">HEGGE</subfield>
    <subfield code="f">DISS_BACHELOR</subfield>
  </datafield>
  <datafield tag="990" ind1=" " ind2=" ">
    <subfield code="a">20090122155745-EM</subfield>
  </datafield>
</record>