
<record>
  <controlfield tag="001">11388</controlfield>
  <controlfield tag="005">20131209145615.0</controlfield>
  <datafield tag="024" ind1="8" ind2=" ">
    <subfield code="a">oai:doc.rero.ch:20090123113622-PA</subfield>
    <subfield code="p">dissertation</subfield>
    <subfield code="p">cdu33</subfield>
    <subfield code="p">infonet_economy</subfield>
    <subfield code="z">cdu1</subfield>
    <subfield code="z">preprint</subfield>
    <subfield code="z">hegge</subfield>
    <subfield code="z">cdu16</subfield>
    <subfield code="z">journal</subfield>
    <subfield code="z">book</subfield>
    <subfield code="z">thesis</subfield>
    <subfield code="z">report</subfield>
    <subfield code="z">thesis_urn</subfield>
    <subfield code="z">cdu34</subfield>
    <subfield code="z">postprint</subfield>
  </datafield>
  <datafield tag="856" ind1="4" ind2=" ">
    <subfield code="f">Annexe_Thomas_Chappuis_29.09.2008.pdf</subfield>
    <subfield code="q">application/pdf</subfield>
    <subfield code="s">116970</subfield>
    <subfield code="u">http://doc.rero.ch/record/11388/files/Annexe_Thomas_Chappuis_29.09.2008.pdf</subfield>
    <subfield code="y">order:2</subfield>
    <subfield code="z">Texte intégral</subfield>
  </datafield>
  <datafield tag="856" ind1="4" ind2=" ">
    <subfield code="f">M_moire_Thomas_Chappuis_29.09.2008.pdf</subfield>
    <subfield code="q">application/pdf</subfield>
    <subfield code="s">300285</subfield>
    <subfield code="u">http://doc.rero.ch/record/11388/files/M_moire_Thomas_Chappuis_29.09.2008.pdf</subfield>
    <subfield code="y">order:1</subfield>
    <subfield code="z">Texte intégral</subfield>
  </datafield>
  <datafield tag="990" ind1=" " ind2=" ">
    <subfield code="a">20090123113622-PA</subfield>
  </datafield>
  <datafield tag="300" ind1=" " ind2=" ">
    <subfield code="a">80 p.</subfield>
  </datafield>
  <datafield tag="980" ind1=" " ind2=" ">
    <subfield code="a">DISSERTATION</subfield>
    <subfield code="b">HEGGE</subfield>
    <subfield code="f">DISS_BACHELOR</subfield>
  </datafield>
  <datafield tag="080" ind1=" " ind2=" ">
    <subfield code="a">33</subfield>
  </datafield>
  <datafield tag="700" ind1=" " ind2=" ">
    <subfield code="a">Desjacques, Corinne</subfield>
    <subfield code="e">Dir.</subfield>
  </datafield>
  <datafield tag="700" ind1=" " ind2=" ">
    <subfield code="a">Tuberosa, Jean</subfield>
    <subfield code="e">Codir.</subfield>
  </datafield>
  <datafield tag="245" ind1=" " ind2=" ">
    <subfield code="9">fre</subfield>
    <subfield code="a">Analyse des possibilités de diversification pour une station de montagne en période estivale ainsi que de leur rentabilité</subfield>
  </datafield>
  <datafield tag="520" ind1=" " ind2=" ">
    <subfield code="9">fre</subfield>
    <subfield code="a">L'association du Pays du St-Bernard (nommée ci-dessous PSB) regroupe 5 villages dont Champex-Lac. Cette petite station attire de nombreux touristes, principalement suisses, durant la saison estivale grâce à son charme et à son calme. 58% des nuitées sont réalisées pendant cette période grâce aux hôtels, campings, logements de groupes et chalets. Le chiffre d'affaires du Pays du St-Bernard est d'environ 30 millions de francs pour l'année 2007. Les résultats du sondage distribué auprès d'un échantillon d'une centaine de personnes montrent que la qualité des infrastructures est jugée globalement comme « Satisfaisante » par la clientèle. 76% des sondés répondent être prêts à renouveler leur séjour dans l'une des stations du PSB. De même 85% prétendent recommander cette destination à leur famille, amis ou collègues. De plus, 48% affirment pouvoir dépenser entre SFr. 26.-- et SFr. 50.-- par jour et par personne pour des activités. En revanche, un nombre important de personnes interrogées mentionne le fait que la station manque d'activités sportives ou de manifestations. Ce constat est confirmé par une étude réalisée par le BAK Basel Economics, qui qualifie la diversité de l'offre estivale comme étant un facteur clef de succès pour une station de montagne. C'est pourquoi, 18 nouvelles activités ont été proposées aux touristes. Cinq d'entre elles sont particulièrement désirées puisqu'elles sont demandées par plus de 40% des clients. Des estimations financières sont présentées pour chacune des cinq premières activités ressortant du sondage : minigolf, bowling, initiation à la botanique, pétanque ainsi que sentier suspendu. Le minigolf et le sentier suspendu sont des animations demandant un investissement relativement important, entre SFr. 40'000.-- et SFr. 127'000.-- pour la construction d’un minigolf, et environ SFr. 168'000.-- pour la construction d’un parc aventure (en fonction du nombre de postes construits) mais dégageant des cash flows positifs de plusieurs milliers de francs. Le chiffre d'affaires au point mort est atteint lorsque 2'748 entrées sont comptabilisées pour le minigolf et 5'488 entrées pour le sentier suspendu. La pétanque et l'initiation à la botanique sont deux activités qui nécessitent un faible investissement mais intéressent plus de 43% de la clientèle de Champex-Lac. Actuellement, aucune autre station étudiée ne donne la possibilité de participer à des conférences sur la botanique. La construction d'un bowling se révèle être, à l'heure actuelle, un projet complètement irréaliste en raison de l'énorme investissement qu'il implique. Celui-ci peut dépasser les 2 millions de francs. Afin d'améliorer la rentabilité de ces activités il convient de les regrouper avec des animations existantes dans le but de générer des synergies de coûts et revenus. De même des forfaits peuvent être proposés de sorte à inciter les clients à pratiquer plusieurs activités à la suite. Mais également, la communication doit être renforcée afin d'informer davantage les touristes sur les nombreuses activités proposées. Installer des panneaux directionnels ou plans de la station sur des lieux de forte affluence permet d'indiquer où se situent les attractions. De même des « circuits » peuvent être développés afin que les personnes fréquentant la station visitent davantage les infrastructures existantes.</subfield>
  </datafield>
  <datafield tag="918" ind1=" " ind2=" ">
    <subfield code="a">Haute école de gestion de Genève</subfield>
    <subfield code="b">Campus de Battelle, Bâtiment F, 7 route de Drize, 1227 Carouge</subfield>
    <subfield code="c">Economie d'entreprise</subfield>
  </datafield>
  <datafield tag="919" ind1=" " ind2=" ">
    <subfield code="a">Haute école de gestion de Genève</subfield>
    <subfield code="b">Genève</subfield>
    <subfield code="d">doc.support@rero.ch</subfield>
  </datafield>
  <datafield tag="100" ind1=" " ind2=" ">
    <subfield code="a">Chappuis, Thomas</subfield>
  </datafield>
  <datafield tag="502" ind1=" " ind2=" ">
    <subfield code="9">2008</subfield>
    <subfield code="a">Mémoire de bachelor : Haute école de gestion de Genève, 2008 ; TDEE 58</subfield>
  </datafield>
  <datafield tag="041" ind1=" " ind2=" ">
    <subfield code="a">fre</subfield>
  </datafield>
  <datafield tag="035" ind1=" " ind2=" ">
    <subfield code="a">R004986804</subfield>
  </datafield>
</record>