
<record>
  <controlfield tag="001">11387</controlfield>
  <controlfield tag="005">20131209145615.0</controlfield>
  <datafield tag="024" ind1="8" ind2=" ">
    <subfield code="a">oai:doc.rero.ch:20090123114146-EU</subfield>
    <subfield code="p">dissertation</subfield>
    <subfield code="p">cdu33</subfield>
    <subfield code="p">infonet_economy</subfield>
    <subfield code="z">cdu1</subfield>
    <subfield code="z">preprint</subfield>
    <subfield code="z">hegge</subfield>
    <subfield code="z">cdu16</subfield>
    <subfield code="z">journal</subfield>
    <subfield code="z">book</subfield>
    <subfield code="z">thesis</subfield>
    <subfield code="z">report</subfield>
    <subfield code="z">thesis_urn</subfield>
    <subfield code="z">cdu34</subfield>
    <subfield code="z">postprint</subfield>
  </datafield>
  <datafield tag="856" ind1="4" ind2=" ">
    <subfield code="f">Travail_de_Bachelor_verion_finale.pdf</subfield>
    <subfield code="q">application/pdf</subfield>
    <subfield code="s">870166</subfield>
    <subfield code="u">http://doc.rero.ch/record/11387/files/Travail_de_Bachelor_verion_finale.pdf</subfield>
    <subfield code="y">order:1</subfield>
    <subfield code="z">Texte intégral</subfield>
  </datafield>
  <datafield tag="990" ind1=" " ind2=" ">
    <subfield code="a">20090123114146-EU</subfield>
  </datafield>
  <datafield tag="300" ind1=" " ind2=" ">
    <subfield code="a">107 p.</subfield>
  </datafield>
  <datafield tag="980" ind1=" " ind2=" ">
    <subfield code="a">DISSERTATION</subfield>
    <subfield code="b">HEGGE</subfield>
    <subfield code="f">DISS_BACHELOR</subfield>
  </datafield>
  <datafield tag="080" ind1=" " ind2=" ">
    <subfield code="a">33</subfield>
  </datafield>
  <datafield tag="700" ind1=" " ind2=" ">
    <subfield code="a">Ossé, Akimou</subfield>
    <subfield code="e">Dir.</subfield>
  </datafield>
  <datafield tag="245" ind1=" " ind2=" ">
    <subfield code="9">fre</subfield>
    <subfield code="a">La finance islamique</subfield>
    <subfield code="b">analyse des produits financiers islamiques</subfield>
  </datafield>
  <datafield tag="520" ind1=" " ind2=" ">
    <subfield code="9">fre</subfield>
    <subfield code="a">Pour élaborer ce travail, nous nous sommes basés en premier lieu sur les théories liées à la finance islamique [Institut Islamique de Recherche et de Formation (IIRF), Banque Islamique de Développement] ainsi que sur différents ouvrages liés au sujet (monographies, revues spécialisées, articles académiques). Cette première étape concède l’établissement d’un cadre académique défini, nous permettant ainsi d’asseoir la problématique de ce travail. Il est en second lieu étayé par une approche empirique, celle de spécialistes du domaine de la finance islamique. [M.Chavanon, Chief Financial Officer, NBAD ; M.Treguer, Equity / Derivatives and Islamic Products Structurer, BNP PARIBAS]. Durant l’intégralité de ce travail, nous avons tâché d’utiliser une approche comparative mettant en relief les différentes facettes de la finance islamique par rapport à la finance conventionnelle. Dans la première partie de ce mémoire, nous avons tenté de comprendre ce qui définit le système financier islamique et sur quelles bases il se fonde. Par ailleurs, nous avons essayé d’analyser les facteurs de différentiation entre une banque islamique et une banque conventionnelle. Nous avons constaté que le système financier conforme à la Chari’a (loi islamique) n’est rien d’autre qu’un système financier classique auquel on a adjoint certaines contraintes. Ces dernières conditionnent évidemment la structure, l’organisation, les risques ainsi que les produits financiers qui le composent. Dans la seconde partie, nous avons exposé les principaux produits financiers islamiques et leurs équivalents conventionnels. De plus, nous les avons schématisés donnant une vision simplificatrice de ces produits. Ce chapitre nous a permis de déceler le manque de cohérence qu’il existe entre la théorie et la pratique. Effectivement, en théorie les produits prônés par les théologiens musulmans sont basés sur le principe du partage des pertes et profits. Or, en pratique, ces produits ne représentent qu’une part minoritaire de l’offre des banques islamiques. Dans la troisième partie, nous avons abordé les risques liés à la finance compatible avec la Chari’a. Nous avons analysé les risques intrinsèques à la finance islamique ainsi que les risques de crédit, les risques de marché ainsi que les risques opérationnels. Cette partie nous a permis de démontrer les caractéristiques propres des risques liés aux institutions financières islamiques (IFI). Par ailleurs, nous avons pu confirmer le fait que ces risques sont plus difficilement gérables en raison des contraintes religieuses régissant ce système financier. Dans la quatrième partie, nous comparons et analysons un indice islamique, le Dow Jones Islamic Market Index (DJIM), par rapport à un indice conventionnel, le Dow Jones World Index (DJWI). En sus, nous avons étudié un Certificat sur indice islamique. Lors de ce chapitre, nous avons remarqué que l’indice islamique affiche une meilleure performance à court et moyen terme comparativement au DJWI. Cependant, le DJIM possède une volatilité supérieure sur le long terme. Enfin, dans la dernière partie, nous avons disséqué un produit structuré islamique émis par la Deutsche Bank (DB). L’élément principal qui ressort de notre analyse est le fait que les ingénieurs financiers ainsi que le Comité de la Chari’a de DB ont conçu un produit controversé, parfois à la limite des contraintes de la loi islamique et parfois incompatible avec la Chari’a, selon de quel côté on se positionne.</subfield>
  </datafield>
  <datafield tag="918" ind1=" " ind2=" ">
    <subfield code="a">Haute école de gestion de Genève</subfield>
    <subfield code="b">Campus de Battelle, Bâtiment F, 7 route de Drize, 1227 Carouge</subfield>
    <subfield code="c">Economie d'entreprise</subfield>
  </datafield>
  <datafield tag="919" ind1=" " ind2=" ">
    <subfield code="a">Haute école de gestion de Genève</subfield>
    <subfield code="b">Genève</subfield>
    <subfield code="d">doc.support@rero.ch</subfield>
  </datafield>
  <datafield tag="100" ind1=" " ind2=" ">
    <subfield code="a">Cherif, Karim</subfield>
  </datafield>
  <datafield tag="502" ind1=" " ind2=" ">
    <subfield code="9">2008</subfield>
    <subfield code="a">Mémoire de bachelor : Haute école de gestion de Genève, 2008 ; TDEE 59</subfield>
  </datafield>
  <datafield tag="041" ind1=" " ind2=" ">
    <subfield code="a">fre</subfield>
  </datafield>
  <datafield tag="035" ind1=" " ind2=" ">
    <subfield code="a">R004986813</subfield>
  </datafield>
</record>