
<record>
  <controlfield tag="001">11386</controlfield>
  <controlfield tag="005">20131209145615.0</controlfield>
  <datafield tag="024" ind1="8" ind2=" ">
    <subfield code="a">oai:doc.rero.ch:20090123115227-QE</subfield>
    <subfield code="p">dissertation</subfield>
    <subfield code="p">cdu33</subfield>
    <subfield code="p">infonet_economy</subfield>
    <subfield code="z">cdu1</subfield>
    <subfield code="z">preprint</subfield>
    <subfield code="z">hegge</subfield>
    <subfield code="z">cdu16</subfield>
    <subfield code="z">journal</subfield>
    <subfield code="z">book</subfield>
    <subfield code="z">thesis</subfield>
    <subfield code="z">report</subfield>
    <subfield code="z">thesis_urn</subfield>
    <subfield code="z">cdu34</subfield>
    <subfield code="z">postprint</subfield>
  </datafield>
  <datafield tag="856" ind1="4" ind2=" ">
    <subfield code="f">travail_bachelor.pdf</subfield>
    <subfield code="q">application/pdf</subfield>
    <subfield code="s">3694523</subfield>
    <subfield code="u">http://doc.rero.ch/record/11386/files/travail_bachelor.pdf</subfield>
    <subfield code="y">order:1</subfield>
    <subfield code="z">Texte intégral</subfield>
  </datafield>
  <datafield tag="990" ind1=" " ind2=" ">
    <subfield code="a">20090123115227-QE</subfield>
  </datafield>
  <datafield tag="300" ind1=" " ind2=" ">
    <subfield code="a">102 p.</subfield>
  </datafield>
  <datafield tag="980" ind1=" " ind2=" ">
    <subfield code="a">DISSERTATION</subfield>
    <subfield code="b">HEGGE</subfield>
    <subfield code="f">DISS_BACHELOR</subfield>
  </datafield>
  <datafield tag="080" ind1=" " ind2=" ">
    <subfield code="a">33</subfield>
  </datafield>
  <datafield tag="700" ind1=" " ind2=" ">
    <subfield code="a">Mathelier, Guillaume</subfield>
    <subfield code="e">Dir.</subfield>
  </datafield>
  <datafield tag="245" ind1=" " ind2=" ">
    <subfield code="9">fre</subfield>
    <subfield code="a">Mise en place du site internet du CFPC et de la communication qui entoure ce changement</subfield>
  </datafield>
  <datafield tag="520" ind1=" " ind2=" ">
    <subfield code="9">fre</subfield>
    <subfield code="a">Le présent travail porte sur la mise en place du site internet « école » du Centre de Formation Professionnelle de la Construction (CFPC). Cette école, appartenant au post-obligatoire, est née de la scission du Centre d’Enseignant Professionnel, Technique et Artisanal (CEPTA) suite à une nouvelle législature en août 2007. La communication interne et externe ainsi que les outils et les canaux doivent être modifiés, réadaptés, ou abandonnés. Ce document concerne spécifiquement la communication informatique à travers un site internet ainsi que l’étude de l’information et de la formation des utilisateurs. L’objectif de ce mandat est la création d’un outil de communication utile, utilisé et utilisable. Autrement dit, le contenu, la nomenclature et la présentation du site doivent correspondre aux attentes des utilisateurs. Pour cela, cinq enquêtes ont été menées auprès des différents « publics-cibles », destinataires de l’information présente sur le site. Notre démarche s’articule autour de la méthodologie présentée dans le livre, « manuel de recherche en sciences sociales» , dont Messieurs Raymond QUIVY et Luc VAN CAMPENHOUDT sont les auteurs. Les résultats ont démontrés qu’il y avait un véritable intérêt pour ce nouvel outil. De plus, il est le premier canal utilisé pour les recherches d’informations et de documentations. Il doit permettre d’avoir un accès rapide aux différentes données. Pour cela, la présentation doit être sobre, claire et homogène, la navigation fluide et le téléchargement rapide. Nous sommes arrivés à la conclusion que le site internet répond à une demande de la population et qu’il est l’outil de communication actuel le plus adapté.</subfield>
  </datafield>
  <datafield tag="918" ind1=" " ind2=" ">
    <subfield code="a">Haute école de gestion de Genève</subfield>
    <subfield code="b">Campus de Battelle, Bâtiment F, 7 route de Drize, 1227 Carouge</subfield>
    <subfield code="c">Economie d'entreprise</subfield>
  </datafield>
  <datafield tag="919" ind1=" " ind2=" ">
    <subfield code="a">Haute école de gestion de Genève</subfield>
    <subfield code="b">Genève</subfield>
    <subfield code="d">doc.support@rero.ch</subfield>
  </datafield>
  <datafield tag="100" ind1=" " ind2=" ">
    <subfield code="a">Chollet, Sylvie</subfield>
  </datafield>
  <datafield tag="502" ind1=" " ind2=" ">
    <subfield code="9">2008</subfield>
    <subfield code="a">Mémoire de bachelor : Haute école de gestion de Genève, 2008 ; TDEE 60</subfield>
  </datafield>
  <datafield tag="041" ind1=" " ind2=" ">
    <subfield code="a">fre</subfield>
  </datafield>
  <datafield tag="035" ind1=" " ind2=" ">
    <subfield code="a">R004986822</subfield>
  </datafield>
</record>