
<record>
  <controlfield tag="001">11385</controlfield>
  <controlfield tag="005">20131209145615.0</controlfield>
  <datafield tag="024" ind1="8" ind2=" ">
    <subfield code="a">oai:doc.rero.ch:20090123115617-GH</subfield>
    <subfield code="p">dissertation</subfield>
    <subfield code="p">cdu33</subfield>
    <subfield code="p">infonet_economy</subfield>
    <subfield code="z">cdu1</subfield>
    <subfield code="z">preprint</subfield>
    <subfield code="z">hegge</subfield>
    <subfield code="z">cdu16</subfield>
    <subfield code="z">journal</subfield>
    <subfield code="z">book</subfield>
    <subfield code="z">thesis</subfield>
    <subfield code="z">report</subfield>
    <subfield code="z">thesis_urn</subfield>
    <subfield code="z">cdu34</subfield>
    <subfield code="z">postprint</subfield>
  </datafield>
  <datafield tag="856" ind1="4" ind2=" ">
    <subfield code="f">TD_L_Cretegny_EE2008.pdf</subfield>
    <subfield code="q">application/pdf</subfield>
    <subfield code="s">1378605</subfield>
    <subfield code="u">http://doc.rero.ch/record/11385/files/TD_L_Cretegny_EE2008.pdf</subfield>
    <subfield code="y">order:1</subfield>
    <subfield code="z">Texte intégral</subfield>
  </datafield>
  <datafield tag="990" ind1=" " ind2=" ">
    <subfield code="a">20090123115617-GH</subfield>
  </datafield>
  <datafield tag="300" ind1=" " ind2=" ">
    <subfield code="a">90 p.</subfield>
  </datafield>
  <datafield tag="980" ind1=" " ind2=" ">
    <subfield code="a">DISSERTATION</subfield>
    <subfield code="b">HEGGE</subfield>
    <subfield code="f">DISS_BACHELOR</subfield>
  </datafield>
  <datafield tag="080" ind1=" " ind2=" ">
    <subfield code="a">33</subfield>
  </datafield>
  <datafield tag="700" ind1=" " ind2=" ">
    <subfield code="a">Arrayet, Pierre</subfield>
    <subfield code="e">Dir.</subfield>
  </datafield>
  <datafield tag="245" ind1=" " ind2=" ">
    <subfield code="9">fre</subfield>
    <subfield code="a">L'optimisation du processus d'administration des achats à SIG</subfield>
    <subfield code="b">comment préparer les unités de l'entreprise aux changements d'organisation et comment mesurer les améliorations obtenues?</subfield>
  </datafield>
  <datafield tag="520" ind1=" " ind2=" ">
    <subfield code="9">fre</subfield>
    <subfield code="a">Au début de l’année 2007, SIG a lancé un projet d’amélioration du processus transverse d’administration des achats (projet ADAGE). Les objectifs principaux qui ont été fixés sont la réduction des coûts de gestion et la diminution des délais de paiement des fournisseurs. Une analyse des disfonctionnements du processus a conduit à proposer 28 pistes d’améliorations dont les effets toucheront principalement les 238 demandeurs SAP (émetteurs des commandes) répartis dans toute l’entreprise. Elles comprennent des outils informatiques, de nouvelles procédures, de la formation, etc. et seront mises en œuvre dans le courant de l’année 2008 par 8 groupes de projet. L’attente formulée sur le présent travail est, d’une part, de fournir une méthode et des outils permettant de mesurer sur le terrain les effets de la mise en œuvre. D’autre part, elle consiste à vérifier les gains de 2000 jours / homme estimés lors de l’avant projet. En réalisant l’état de situation pour le choix d’une stratégie d’approche, je me suis rendu compte qu’une démarche de gestion du changement devait guider cette phase sur le terrain. Ainsi, une première démarche a été élaborée permettant d’une part de mesurer le projet et d’autre part d’accompagner les destinataires du changement jusqu’à la phase de transition. Elle est décrite en détail et comprend des indicateurs, des actions de communication et des outils de réflexion pour faciliter l’intégration des recommandations. Après des tests sur plusieurs unités du Pôle Energie et une importante adaptation, elle a été validée pour une application aux autres Pôles. La visite sur le terrain a montré que les gains de temps sont surestimés et qu’ils ne se réaliseront pas chez les demandeurs SAP. Une sélection d’indicateurs est finalement proposée pour mesurer le projet et pour le pilotage du processus. Elle est accompagnée d’une image chiffrée de la situation à fin 2007. Une enquête de satisfaction a aussi été réalisée et l’analyse complète est présentée dans ce rapport. Les recommandations rendent attentifs au suivi de la démarche de gestion du changement car la méthode finalement validée n’apporte pas un accompagnement permettant de rallier suffisamment de supporteurs du changement. Elles soulignent également que le projet ADAGE ne s’intéresse qu’aux demandeurs SAP et ne se préoccupe pas d « Approvisionneurs unité / activité » sur qui repose la relation avec les fournisseurs et l’application de la politique d’achat SIG. Cet aspect fait partie du processus d’administration des achats et doit aussi être amélioré.</subfield>
  </datafield>
  <datafield tag="918" ind1=" " ind2=" ">
    <subfield code="a">Haute école de gestion de Genève</subfield>
    <subfield code="b">Campus de Battelle, Bâtiment F, 7 route de Drize, 1227 Carouge</subfield>
    <subfield code="c">Economie d'entreprise</subfield>
  </datafield>
  <datafield tag="919" ind1=" " ind2=" ">
    <subfield code="a">Haute école de gestion de Genève</subfield>
    <subfield code="b">Genève</subfield>
    <subfield code="d">doc.support@rero.ch</subfield>
  </datafield>
  <datafield tag="100" ind1=" " ind2=" ">
    <subfield code="a">Cretegny, Laurent</subfield>
  </datafield>
  <datafield tag="502" ind1=" " ind2=" ">
    <subfield code="9">2008</subfield>
    <subfield code="a">Mémoire de bachelor : Haute école de gestion de Genève, 2008 ; TDEE 61</subfield>
  </datafield>
  <datafield tag="041" ind1=" " ind2=" ">
    <subfield code="a">fre</subfield>
  </datafield>
  <datafield tag="035" ind1=" " ind2=" ">
    <subfield code="a">R004986844</subfield>
  </datafield>
</record>