
<record>
  <controlfield tag="001">11384</controlfield>
  <controlfield tag="005">20131209145615.0</controlfield>
  <datafield tag="024" ind1="8" ind2=" ">
    <subfield code="a">oai:doc.rero.ch:20090123115959-LP</subfield>
    <subfield code="p">dissertation</subfield>
    <subfield code="p">cdu33</subfield>
    <subfield code="p">infonet_economy</subfield>
    <subfield code="z">cdu1</subfield>
    <subfield code="z">preprint</subfield>
    <subfield code="z">hegge</subfield>
    <subfield code="z">cdu16</subfield>
    <subfield code="z">journal</subfield>
    <subfield code="z">book</subfield>
    <subfield code="z">thesis</subfield>
    <subfield code="z">report</subfield>
    <subfield code="z">thesis_urn</subfield>
    <subfield code="z">cdu34</subfield>
    <subfield code="z">postprint</subfield>
  </datafield>
  <datafield tag="856" ind1="4" ind2=" ">
    <subfield code="f">Travail_de_Dipl_me_-_Francesco_Dal_Sasso.pdf</subfield>
    <subfield code="q">application/pdf</subfield>
    <subfield code="s">991865</subfield>
    <subfield code="u">http://doc.rero.ch/record/11384/files/Travail_de_Dipl_me_-_Francesco_Dal_Sasso.pdf</subfield>
    <subfield code="y">order:1</subfield>
    <subfield code="z">Texte intégral</subfield>
  </datafield>
  <datafield tag="990" ind1=" " ind2=" ">
    <subfield code="a">20090123115959-LP</subfield>
  </datafield>
  <datafield tag="300" ind1=" " ind2=" ">
    <subfield code="a">75 p.</subfield>
  </datafield>
  <datafield tag="980" ind1=" " ind2=" ">
    <subfield code="a">DISSERTATION</subfield>
    <subfield code="b">HEGGE</subfield>
    <subfield code="f">DISS_BACHELOR</subfield>
  </datafield>
  <datafield tag="080" ind1=" " ind2=" ">
    <subfield code="a">33</subfield>
  </datafield>
  <datafield tag="700" ind1=" " ind2=" ">
    <subfield code="a">Ramirez, José</subfield>
    <subfield code="e">Dir.</subfield>
  </datafield>
  <datafield tag="245" ind1=" " ind2=" ">
    <subfield code="9">fre</subfield>
    <subfield code="a">Mesure des écarts salariaux inexplicables</subfield>
  </datafield>
  <datafield tag="520" ind1=" " ind2=" ">
    <subfield code="9">fre</subfield>
    <subfield code="a">La responsabilité pour les entreprises en matière de droits humains est devenue un enjeu économique important en ce nouveau millénaire. De nos jours, une majorité d’investisseurs se préoccupe encore plus qu’hier, de concilier gain potentiel et éthique personnelle. Ainsi, les convictions du « Shareholder » se dessinent comme étant un facteur décisionnel inéluctable. Pourtant, aujourd’hui en Suisse, et bien que l’égalité entre femmes et hommes soit reconnue comme étant un droit fondamental, l’écart de rémunération selon le sexe est supérieur d’environ cinq points par rapport à celui enregistré dans l’Union européenne. La différence entre ces deux ratios correspond approximativement à l’écart mesuré chez nos semblables québécois. En dehors du fait que notre pays est dans ce domaine un mauvais élève, cette observation démontre que les formes de discrimination salariale semblent être combattues par de moyens très divers, et avec plus ou moins de succès. La démarche de l’auteur se veut être économico-sociale. Elle doit être porteuse d’amélioration des performances de l’entreprise, et tendre à conduire cette dernière vers une justice distributive plus équitable. Dans ce but, il encourage à mettre en œuvre un programme d’équité salariale au sein de son organisation. Alors, quel organisme aux yeux de l’auteur pouvait parrainer au mieux le projet qu’il avait en tête ? Le Service cantonal du développement durable incontestablement. Dès la première entrevue avec le directeur du Service, Monsieur Alexandre EPALLE, l’affaire prenait forme. Son agrément, son soutien et ses encouragements ont assurément « boosté » l’intention. Bien-sûr, vouloir favoriser la mise en œuvre de l’équité de rémunération exige préalablement des connaissances techniques, sociologiques et juridiques. En ce sens, et pour mener à bien son entreprise, l’auteur s’est principalement basé sur de récents rapports. Il lui semblait en effet essentiel de comprendre, tant la genèse que l’évolution actuelle de ce fléau dans notre société. Le contexte juridique a évidemment une grande portée dans cette problématique, raison pour laquelle il s’y est également intéressé. Ainsi, l’étude révèle que les formes de discrimination sur le lieu de travail dénoncées depuis longtemps continuent de sévir dans toutes les régions du monde. Par ailleurs, on observe que de nouvelles formes telles que les discriminations fondées sur l’âge, l’orientation sexuelle, ou encore sur le mode de vie apparaissent dans plusieurs pays industrialisés. Certes, des instruments juridiques pour lutter contre la discrimination sur le lieu de travail ont été adoptés par de nombreux Etats. Cependant, leur mise en application fait encore défaut. Des politiques et des mesures luttant contre les pratiques discriminatoires ont également été mises en place, mais les résultats sont pour l’heure mitigés. Outre ces faits, à l’instar des préjugés et des stéréotypes, les facteurs explicatifs de la discrimination salariale semblent toujours autant avoir de répercussions affligeantes sur la « valeur » d’un travail. Problématique cernée, il s’agissait ensuite pour l’auteur de confronter théorie et réalité du terrain. Dans ce but, deux enquêtes ont été menées avec l’objectif, d’une part, d’évaluer la perception de l’équité salariale auprès de la population active, et d’autre part, de s’interroger sur les mesures adoptées par les entreprises pour assurer l’équité salariale. Les deux enquêtes tendent à confirmer que la discrimination salariale existe bel et bien dans notre région. De plus, les données interprétées corroborent avec de nombreux rapports étudiés par l’auteur. On constate par exemple que les formes de discriminations dont sont victimes les personnes ayant répondu à l’enquête, sont celles les plus couramment dénoncées en justice. Par ailleurs, la majorité des personnes interrogées affirment que leur activité n’est pas jugée à sa juste valeur. Les caractéristiques intrinsèques les moins valorisées sont les responsabilités suivies des qualifications requises. Outre ces observations, peu d’entreprises semblent avoir mis en place un programme d’équité salariale, surtout dans les petites et moyennes entreprises. On note aussi que la communication en matière de politique salariale n’est pour ainsi dire, pas le point fort de nos entreprises. Ainsi, l’expérience vécue par l’auteur démontre la réelle nécessité de promouvoir un programme d’équité salariale. Pour cela, il invite les entreprises à suivre l’approche méthodologique suggérée. Elle devrait entre autre, assurer une cohérence dans leur système de rémunération, leur faire acquérir une connaissance plus approfondie des activités exercées dans l’entreprise et entraîner une meilleure perception de l’équité organisationnelle. Par ailleurs cet outil devrait également les mettre à l’abri de toutes poursuites judiciaires et polémiques susceptibles de nuire à la réputation et à l’attractivité de l’organisation.</subfield>
  </datafield>
  <datafield tag="918" ind1=" " ind2=" ">
    <subfield code="a">Haute école de gestion de Genève</subfield>
    <subfield code="b">Campus de Battelle, Bâtiment F, 7 route de Drize, 1227 Carouge</subfield>
    <subfield code="c">Economie d'entreprise</subfield>
  </datafield>
  <datafield tag="919" ind1=" " ind2=" ">
    <subfield code="a">Haute école de gestion de Genève</subfield>
    <subfield code="b">Genève</subfield>
    <subfield code="d">doc.support@rero.ch</subfield>
  </datafield>
  <datafield tag="100" ind1=" " ind2=" ">
    <subfield code="a">Dal Sasso, Francesco</subfield>
  </datafield>
  <datafield tag="502" ind1=" " ind2=" ">
    <subfield code="9">2008</subfield>
    <subfield code="a">Mémoire de bachelor : Haute école de gestion de Genève, 2008 ; TDEE 62</subfield>
  </datafield>
  <datafield tag="041" ind1=" " ind2=" ">
    <subfield code="a">fre</subfield>
  </datafield>
  <datafield tag="035" ind1=" " ind2=" ">
    <subfield code="a">R004986855</subfield>
  </datafield>
</record>