
<record>
  <controlfield tag="001">11383</controlfield>
  <controlfield tag="005">20131209145615.0</controlfield>
  <datafield tag="024" ind1="8" ind2=" ">
    <subfield code="a">oai:doc.rero.ch:20090123120523-TW</subfield>
    <subfield code="p">dissertation</subfield>
    <subfield code="p">cdu33</subfield>
    <subfield code="p">infonet_economy</subfield>
    <subfield code="z">cdu1</subfield>
    <subfield code="z">preprint</subfield>
    <subfield code="z">hegge</subfield>
    <subfield code="z">cdu16</subfield>
    <subfield code="z">journal</subfield>
    <subfield code="z">book</subfield>
    <subfield code="z">thesis</subfield>
    <subfield code="z">report</subfield>
    <subfield code="z">thesis_urn</subfield>
    <subfield code="z">cdu34</subfield>
    <subfield code="z">postprint</subfield>
  </datafield>
  <datafield tag="856" ind1="4" ind2=" ">
    <subfield code="f">TD_Nicolas_Demartines.pdf</subfield>
    <subfield code="q">application/pdf</subfield>
    <subfield code="s">683377</subfield>
    <subfield code="u">http://doc.rero.ch/record/11383/files/TD_Nicolas_Demartines.pdf</subfield>
    <subfield code="y">order:1</subfield>
    <subfield code="z">Texte intégral</subfield>
  </datafield>
  <datafield tag="990" ind1=" " ind2=" ">
    <subfield code="a">20090123120523-TW</subfield>
  </datafield>
  <datafield tag="300" ind1=" " ind2=" ">
    <subfield code="a">[68 p.]</subfield>
  </datafield>
  <datafield tag="980" ind1=" " ind2=" ">
    <subfield code="a">DISSERTATION</subfield>
    <subfield code="b">HEGGE</subfield>
    <subfield code="f">DISS_BACHELOR</subfield>
  </datafield>
  <datafield tag="080" ind1=" " ind2=" ">
    <subfield code="a">33</subfield>
  </datafield>
  <datafield tag="700" ind1=" " ind2=" ">
    <subfield code="a">Madoeuf, Stéphane</subfield>
    <subfield code="e">Dir.</subfield>
  </datafield>
  <datafield tag="245" ind1=" " ind2=" ">
    <subfield code="9">fre</subfield>
    <subfield code="a">Méthode d'évaluation pour micro-entreprises</subfield>
    <subfield code="b">cas particulier des garages motos</subfield>
  </datafield>
  <datafield tag="520" ind1=" " ind2=" ">
    <subfield code="9">fre</subfield>
    <subfield code="a">Le thème retenu pour ce travail de diplôme est l’évaluation d’entreprise avec comme cas particulier les garages motos. Après avoir décrit les grands modèles d’évaluation dans la partie théorique, la partie pratique va présenter les résultats d’une sélection de théories appliquées au monde des garages moto. Un petit guide d’auto-évaluation constitué d’une explication sur le retraitement des chiffres clés ainsi qu’un fichier excel regroupant des théories d’évaluation ont permis à chaque patron de dégager de manière autonome une fourchette de valeurs pour leur entreprise. Les résultats transmis ont permis d’observer deux grandes tendances : Tout d’abord, l’ensemble des méthodes d’évaluation sélectionnées peuvent faire apparaître des valeurs disparates pour la même entreprise. Cette constatation est le résultat de méthodologies basées sur des chiffre clés distincts qui reflète chacun une partie différente de l’entreprise. Puis, une discussion ouverte avec chaque utilisateur du guide a permis de relever que les valeurs obtenues étaient suivant les cas supérieurs à la valeur de transmission d’une entreprise comparable sur le marché genevois. Plus précisément, l’écart de valeur entre la théorie et la pratique était plus net pour les entreprises de taille supérieure à la moyenne. En effet, la demande pour ce type d’entreprise est presque uniquement constituée de personnes issues de la mécanique et au vu des salaires proposés dans la profession, ces futurs entrepreneurs n’ont pas forcément les moyens de leur ambition. Il semblerait donc que plus la valeur du garage est petite, plus les niveaux d’échange se rapprochent de la valeur réelle. Partant de cette constatation, si le but de l’évaluation est une transmission, mieux vaut peut-être liquider certains actifs de l’entreprise avant la négociation dans le but de diminuer la valeur de l’entreprise et ainsi se rapprocher du prix maximum qu’un acheteur potentiel est prêt à investir.</subfield>
  </datafield>
  <datafield tag="918" ind1=" " ind2=" ">
    <subfield code="a">Haute école de gestion de Genève</subfield>
    <subfield code="b">Campus de Battelle, Bâtiment F, 7 route de Drize, 1227 Carouge</subfield>
    <subfield code="c">Economie d'entreprise</subfield>
  </datafield>
  <datafield tag="919" ind1=" " ind2=" ">
    <subfield code="a">Haute école de gestion de Genève</subfield>
    <subfield code="b">Genève</subfield>
    <subfield code="d">doc.support@rero.ch</subfield>
  </datafield>
  <datafield tag="100" ind1=" " ind2=" ">
    <subfield code="a">Demartines, Nicolas,</subfield>
  </datafield>
  <datafield tag="502" ind1=" " ind2=" ">
    <subfield code="9">2008</subfield>
    <subfield code="a">Mémoire de bachelor : Haute école de gestion de Genève, 2008 ; TDEE 63</subfield>
  </datafield>
  <datafield tag="041" ind1=" " ind2=" ">
    <subfield code="a">fre</subfield>
  </datafield>
  <datafield tag="035" ind1=" " ind2=" ">
    <subfield code="a">R004986868</subfield>
  </datafield>
</record>