
<record>
  <controlfield tag="001">11382</controlfield>
  <controlfield tag="005">20130715161710.0</controlfield>
  <datafield tag="856" ind1="4" ind2=" ">
    <subfield code="f">ACISR.pdf</subfield>
    <subfield code="q">application/pdf</subfield>
    <subfield code="s">459330</subfield>
    <subfield code="u">http://doc.rero.ch/record/11382/files/ACISR.pdf</subfield>
    <subfield code="y">order:1</subfield>
    <subfield code="z">Texte intégral</subfield>
  </datafield>
  <datafield tag="990" ind1=" " ind2=" ">
    <subfield code="a">20090123121023-EF</subfield>
  </datafield>
  <datafield tag="300" ind1=" " ind2=" ">
    <subfield code="a">61 p.</subfield>
  </datafield>
  <datafield tag="980" ind1=" " ind2=" ">
    <subfield code="a">DISSERTATION</subfield>
    <subfield code="b">HEGGE</subfield>
    <subfield code="f">DISS_BACHELOR</subfield>
  </datafield>
  <datafield tag="080" ind1=" " ind2=" ">
    <subfield code="a">33</subfield>
  </datafield>
  <datafield tag="700" ind1=" " ind2=" ">
    <subfield code="a">Fragnière, Emmanuel</subfield>
    <subfield code="e">Dir.</subfield>
  </datafield>
  <datafield tag="245" ind1=" " ind2=" ">
    <subfield code="9">fre</subfield>
    <subfield code="a">Approche comportementale de l'investissement socialement responsable</subfield>
  </datafield>
  <datafield tag="024" ind1="8" ind2=" ">
    <subfield code="a">oai:doc.rero.ch:20090123121023-EF</subfield>
    <subfield code="p">dissertation</subfield>
    <subfield code="p">cdu33</subfield>
    <subfield code="z">cdu1</subfield>
    <subfield code="z">preprint</subfield>
    <subfield code="z">hegge</subfield>
    <subfield code="z">cdu16</subfield>
    <subfield code="z">journal</subfield>
    <subfield code="z">book</subfield>
    <subfield code="z">thesis</subfield>
    <subfield code="z">report</subfield>
    <subfield code="z">thesis_urn</subfield>
    <subfield code="z">cdu34</subfield>
    <subfield code="z">postprint</subfield>
  </datafield>
  <datafield tag="520" ind1=" " ind2=" ">
    <subfield code="9">fre</subfield>
    <subfield code="a">Approche comportementale de l’investissement socialement responsable est un travail qui repose sur l’analyse des caractéristiques comportementales des individus face aux investissements socialement responsables (ISR). Il s'agit de comprendre si l’investisseur privé entreprend une démarche sociale lorsqu’il investit dans des produits financiers de type ISR, et si la banque intègre les attentes du public dans son processus d’investissement. Nous voulions déterminer si les prestations offertes par les établissements financiers correspondent aux attentes des investisseurs privés. Pour réaliser un tel travail, il a été essentiel de définir cette notion de responsabilité en se référant aux principes de la finance comportementale, ainsi qu’aux caractéristiques de l’investisseur socialement responsable. Ce travail théorique a permis de mettre en place un questionnaire axé sur l’investissement socialement responsable et sur les caractéristiques comportementales des investisseurs. En effet, pour être en mesure de proposer des recommandations pertinentes, il a été primordial d'analyser et de déterminer les attentes, motivations et préoccupations des investisseurs face aux produits de type ISR. Une fois avoir assimilé les concepts théoriques, le travail de terrain s’est déroulé en deux phases. Dans un premier temps, il s'est agi de prendre connaissance des documents émis par les différents établissements financiers. L’étude de l’offre existante nous a permis d’identifier les différents processus d’investissement et de comprendre la façon dont les sociétés communiquaient leurs offres à travers leurs présentations et leurs brochures. Dans un deuxième temps, nous voulions identifier le niveau de responsabilité sociale des investisseurs et comprendre si oui ou non ils investissaient dans ce genre de produits. Finalement, nous voulions connaître les éléments qui potentiellement pouvaient susciter l’intérêt de ces individus, s’ils venaient à investir dans ce genre de produits. Les résultats de l’analyse empirique nous ont mis en lumière le fait que l’investissement socialement responsable n’était nullement caractérisé par une démarche sociale. Au contraire, cet investissement est plutôt motivé par la curiosité, par l’envie de diversification, ou peut-être encore, par besoin de se donner « bonne conscience ». Ensuite, nous avons constaté qu’environ 40% des sondés ne connaissent pas l’ISR, et que seuls 17.7% des individus ont été informés de l’offre ISR par les différents établissements financiers. Nous pouvons donc souligner l’opportunité de cette démarche dans un avenir proche, compte tenu du manque de communication des banques en ce qui concerne l’ISR et la jeunesse de cette notion, que peu d’individus connaissent. Sur ce constat que l'offre, telle qu'elle est présentée aujourd'hui, ne correspond pas aux attentes des individus, il convenait de comprendre ce qui comptait le plus à leurs yeux. Nous avons déterminé que l’élément le plus important pour les sondés était qu'une partie des bénéfices soient redistribués dans des causes qu’ils veulent défendre. Aussi, nous en avons conclu que l’engagement était l'élément de la finance comportementale qui stimulait la démarche sociale, en d'autres termes, une certaine philosophie proche de la philanthropie. Les investisseurs de notre échantillon sont motivés par le fait de s’investir dans une oeuvre, mais ils attendaient aussi un retour sur investissement de leurs investissements. En effet, les sondés s'accordent sur le fait qu’un investissement doive être rémunéré, mais veulent également que, sous la terminologie ISR, l’investissement soit alloué à une cause précise. Ces éléments nous permettent de comprendre que les individus ont tendance à s’orienter vers des produits de type solidaire.  Cependant, alors que toutes les analyses confirment une augmentation accrue des véhicules d'investissement socialement responsables, il a été intéressant de mettre en lumière les raisons de la progression de ce marché, tandis que l'offre ne correspond pas à l'attente de la clientèle privée. Nous avons observé que plus de deux tiers des capitaux investis dans l’ISR appartiennent à des investisseurs institutionnels. De plus, sous la pression politique et économique, les clients institutionnels n’ont pas eu d’autre choix que de revoir la stratégie de leur allocation d’actifs et d’intégrer un paramètre qui a pris une importance considérable, la responsabilité. Dès lors, nous comprenons que l’offre ISR repose sur l’attente des clients institutionnels afin qu’ils puissent investir en conformité avec leur gestion des risques. De toute évidence, mettre en place une offre responsable dont la communication serait tournée autour de l’engagement ne peut que stimuler un comportement positif auprès d’un public qui se sent véritablement concerné face aux problèmes sociaux.</subfield>
  </datafield>
  <datafield tag="918" ind1=" " ind2=" ">
    <subfield code="a">Haute école de gestion de Genève</subfield>
    <subfield code="b">Campus de Battelle, Bâtiment F, 7 route de Drize, 1227 Carouge</subfield>
    <subfield code="c">Economie d'entrepise</subfield>
  </datafield>
  <datafield tag="919" ind1=" " ind2=" ">
    <subfield code="a">Haute école de gestion de Genève</subfield>
    <subfield code="b">Genève</subfield>
    <subfield code="d">doc.support@rero.ch</subfield>
  </datafield>
  <datafield tag="100" ind1=" " ind2=" ">
    <subfield code="a">Felder, Yves</subfield>
  </datafield>
  <datafield tag="502" ind1=" " ind2=" ">
    <subfield code="9">2008</subfield>
    <subfield code="a">Mémoire de bachelor : Haute école de gestion de Genève, 2008</subfield>
  </datafield>
  <datafield tag="041" ind1=" " ind2=" ">
    <subfield code="a">fre</subfield>
  </datafield>
  <datafield tag="035" ind1=" " ind2=" ">
    <subfield code="a">R004986876</subfield>
  </datafield>
</record>