
<record>
  <controlfield tag="001">11381</controlfield>
  <controlfield tag="005">20131209145615.0</controlfield>
  <datafield tag="024" ind1="8" ind2=" ">
    <subfield code="a">oai:doc.rero.ch:20090123121649-YF</subfield>
    <subfield code="p">dissertation</subfield>
    <subfield code="p">cdu33</subfield>
    <subfield code="p">infonet_economy</subfield>
    <subfield code="z">cdu1</subfield>
    <subfield code="z">preprint</subfield>
    <subfield code="z">hegge</subfield>
    <subfield code="z">cdu16</subfield>
    <subfield code="z">journal</subfield>
    <subfield code="z">book</subfield>
    <subfield code="z">thesis</subfield>
    <subfield code="z">report</subfield>
    <subfield code="z">thesis_urn</subfield>
    <subfield code="z">cdu34</subfield>
    <subfield code="z">postprint</subfield>
  </datafield>
  <datafield tag="856" ind1="4" ind2=" ">
    <subfield code="f">FREI_Anna_TD_08.pdf</subfield>
    <subfield code="q">application/pdf</subfield>
    <subfield code="s">1790042</subfield>
    <subfield code="u">http://doc.rero.ch/record/11381/files/FREI_Anna_TD_08.pdf</subfield>
    <subfield code="y">order:1</subfield>
    <subfield code="z">Texte intégral</subfield>
  </datafield>
  <datafield tag="990" ind1=" " ind2=" ">
    <subfield code="a">20090123121649-YF</subfield>
  </datafield>
  <datafield tag="300" ind1=" " ind2=" ">
    <subfield code="a">119 p.</subfield>
  </datafield>
  <datafield tag="980" ind1=" " ind2=" ">
    <subfield code="a">DISSERTATION</subfield>
    <subfield code="b">HEGGE</subfield>
    <subfield code="f">DISS_BACHELOR</subfield>
  </datafield>
  <datafield tag="080" ind1=" " ind2=" ">
    <subfield code="a">33</subfield>
  </datafield>
  <datafield tag="700" ind1=" " ind2=" ">
    <subfield code="a">Maeder, Eric</subfield>
    <subfield code="e">Dir.</subfield>
  </datafield>
  <datafield tag="245" ind1=" " ind2=" ">
    <subfield code="9">fre</subfield>
    <subfield code="a">Bénéfices retirés de la mise en place d'un Agenda 21 dans une PME du point de vue des ressources humaines</subfield>
  </datafield>
  <datafield tag="520" ind1=" " ind2=" ">
    <subfield code="9">fre</subfield>
    <subfield code="a">Ce travail de diplôme traite le lien entre les Ressources Humaines et un Management durable. Il a pour objectif de définir les bénéfices pour le département des Ressources Humaines de la mise en place d’un Management durable. Afin d’y parvenir, j’ai commencé par poser un cadre théorique autour du Développement Durable et du rôle des Ressources Humaines dans une entreprise. Cette étape m’a permis de lister les référentiels du Développement Durable en lien avec les Ressources Humaines ainsi que les actions inhérentes au département RH. Puis, j’ai mis ces deux aspects en relation afin de ressortir d’une part le rôle important des Ressources Humaines dans un Management Durable et d’autre part, les bénéfices retirés pour ce département, tels que l’implication et la motivation du personnel. Ensuite, et afin d’avoir un aspect concret de cette théorie, j’ai analysé une PME à Genève, l’Ifage, Fondation dans laquelle j’ai travaillé durant toute ma formation HEG. J’y présente le département des Ressources Humaines accompagnée d’une analyse du niveau de développement de ce département. Les Ressources Humaines à l’Ifage obtiennent une moyenne générale de 2.7 sur 4 et montrent une force au niveau administratif RH mais une faiblesse au niveau de la qualification du personnel RH et au niveau de la gestion de la performance. Puis je présente le Management durable mis en place à l’Ifage, en passant par la méthodologie utilisée, les acteurs, les actions et pour finir les résultats obtenus. J’ai également effectué une enquête auprès du personnel administratif qui m’a permis de constater, de la part des employés, une bonne connaissance sur le Développement Durable et un certain intérêt par rapport à cette direction prise par l’Ifage. Cette analyse m’a permis de tirer quelques constatations, notamment par rapport au niveau actuel des Ressources Humaines à l’Ifage qui a impacté la démarche de Développement Durable. Je finis ce travail par des recommandations envers les Ressources Humaines à l’Ifage puis par rapport aux actions liées au DD et restantes à réaliser par ordre de priorité.</subfield>
  </datafield>
  <datafield tag="918" ind1=" " ind2=" ">
    <subfield code="a">Haute école de gestion de Genève</subfield>
    <subfield code="b">Campus de Battelle, Bâtiment F, 7 route de Drize, 1227 Carouge</subfield>
    <subfield code="c">Economie d'entreprise</subfield>
  </datafield>
  <datafield tag="919" ind1=" " ind2=" ">
    <subfield code="a">Haute école de gestion de Genève</subfield>
    <subfield code="b">Genève</subfield>
    <subfield code="d">doc.support@rero.ch</subfield>
  </datafield>
  <datafield tag="100" ind1=" " ind2=" ">
    <subfield code="a">Frei, Anna</subfield>
  </datafield>
  <datafield tag="502" ind1=" " ind2=" ">
    <subfield code="9">2008</subfield>
    <subfield code="a">Mémoire de bachelor : Haute école de gestion de Genève, 2008 ; TDEE 65</subfield>
  </datafield>
  <datafield tag="041" ind1=" " ind2=" ">
    <subfield code="a">fre</subfield>
  </datafield>
  <datafield tag="035" ind1=" " ind2=" ">
    <subfield code="a">R004986883</subfield>
  </datafield>
</record>