
<record>
  <controlfield tag="001">11379</controlfield>
  <controlfield tag="005">20131209145615.0</controlfield>
  <datafield tag="024" ind1="8" ind2=" ">
    <subfield code="a">oai:doc.rero.ch:20090123122305-BU</subfield>
    <subfield code="p">dissertation</subfield>
    <subfield code="p">cdu33</subfield>
    <subfield code="p">infonet_economy</subfield>
    <subfield code="z">cdu1</subfield>
    <subfield code="z">preprint</subfield>
    <subfield code="z">hegge</subfield>
    <subfield code="z">cdu16</subfield>
    <subfield code="z">journal</subfield>
    <subfield code="z">book</subfield>
    <subfield code="z">thesis</subfield>
    <subfield code="z">report</subfield>
    <subfield code="z">thesis_urn</subfield>
    <subfield code="z">cdu34</subfield>
    <subfield code="z">postprint</subfield>
  </datafield>
  <datafield tag="856" ind1="4" ind2=" ">
    <subfield code="f">TB_finalJG.pdf</subfield>
    <subfield code="q">application/pdf</subfield>
    <subfield code="s">275116</subfield>
    <subfield code="u">http://doc.rero.ch/record/11379/files/TB_finalJG.pdf</subfield>
    <subfield code="y">order:1</subfield>
    <subfield code="z">Texte intégral</subfield>
  </datafield>
  <datafield tag="990" ind1=" " ind2=" ">
    <subfield code="a">20090123122305-BU</subfield>
  </datafield>
  <datafield tag="300" ind1=" " ind2=" ">
    <subfield code="a">40 p.</subfield>
  </datafield>
  <datafield tag="980" ind1=" " ind2=" ">
    <subfield code="a">DISSERTATION</subfield>
    <subfield code="b">HEGGE</subfield>
    <subfield code="f">DISS_BACHELOR</subfield>
  </datafield>
  <datafield tag="080" ind1=" " ind2=" ">
    <subfield code="a">33</subfield>
  </datafield>
  <datafield tag="700" ind1=" " ind2=" ">
    <subfield code="a">Fragnière, Emmanuel</subfield>
    <subfield code="e">Dir.</subfield>
  </datafield>
  <datafield tag="245" ind1=" " ind2=" ">
    <subfield code="9">eng</subfield>
    <subfield code="a">Biofuels, what are the issues for a trading company?</subfield>
  </datafield>
  <datafield tag="520" ind1=" " ind2=" ">
    <subfield code="9">eng</subfield>
    <subfield code="a">Biofuels are a way of diversifying our fonts of energy and reduce transportation environmental impact. In Europe, the emergence of this market is driven by policy. Biofuels can potentially bring solutions to energy market and give incentives to develop agriculture. But their development created a distortion on the markets and production sustainability is a serious issue. This makes the further development of biofuels uncertain and challenges trading companies willing to invest in this market. In order to respond to the sustainability issue, criteria are being implemented to the supply chain and certification systems are being developed. In the short term only environmental criteria are implementable. Through a qualitative ethnographic approach and an in-depth interview process, the research has peered into the stakeholder interests. It has been pointed out that an important part of the stakeholders was supporting the market. There is a lack of rational information concerning the potential of the industry and public opinion has build up a sceptical judgement. The study has pointed out that public opinion had an important role. Such beliefs will influence politicians. Therefore public opinion must be considered a key factor that makes the market uncertain and risky. For the moment this trend does not affect investors and market is growing. But in parallel to this the actors are asked to manage the sustainability issue, which represent a barrier to entry. As soon as producers will be in measure to create sustainable products and as soon as agriculture will develop, public opinion will be in a position to support this market and let it grow. Sustainability is thus an issue that producers must control. Traders willing to enter this market must therefore develop a management able to respond to this concern. The principal measure that must be taken is vertical integration. By controlling the production of the feedstock, trading companies can develop sustainable management of agricultural systems and integrate them to the supply chain. Biofuels sustainability is above all an agricultural issue and all the stakeholders must join their forces in order to meet all the requirements and therefore make the society benefit from the potential of this technology.</subfield>
  </datafield>
  <datafield tag="918" ind1=" " ind2=" ">
    <subfield code="a">Haute école de gestion de Genève</subfield>
    <subfield code="b">Campus de Battelle, Bâtiment F, 7 route de Drize, 1227 Carouge</subfield>
    <subfield code="c">Economie d'entreprise</subfield>
  </datafield>
  <datafield tag="919" ind1=" " ind2=" ">
    <subfield code="a">Haute école de gestion de Genève</subfield>
    <subfield code="b">Genève</subfield>
    <subfield code="d">doc.support@rero.ch</subfield>
  </datafield>
  <datafield tag="100" ind1=" " ind2=" ">
    <subfield code="a">Gehring, Jeremy</subfield>
  </datafield>
  <datafield tag="502" ind1=" " ind2=" ">
    <subfield code="9">2008</subfield>
    <subfield code="a">Mémoire de bachelor : Haute école de gestion de Genève, 2008 ; TDEE 66</subfield>
  </datafield>
  <datafield tag="041" ind1=" " ind2=" ">
    <subfield code="a">eng</subfield>
  </datafield>
  <datafield tag="035" ind1=" " ind2=" ">
    <subfield code="a">R004986896</subfield>
  </datafield>
</record>