
<record>
  <controlfield tag="001">11377</controlfield>
  <controlfield tag="005">20131209145615.0</controlfield>
  <datafield tag="024" ind1="8" ind2=" ">
    <subfield code="a">oai:doc.rero.ch:20090123123638-DM</subfield>
    <subfield code="p">dissertation</subfield>
    <subfield code="p">cdu33</subfield>
    <subfield code="p">infonet_economy</subfield>
    <subfield code="z">cdu1</subfield>
    <subfield code="z">preprint</subfield>
    <subfield code="z">hegge</subfield>
    <subfield code="z">cdu16</subfield>
    <subfield code="z">journal</subfield>
    <subfield code="z">book</subfield>
    <subfield code="z">thesis</subfield>
    <subfield code="z">report</subfield>
    <subfield code="z">thesis_urn</subfield>
    <subfield code="z">cdu34</subfield>
    <subfield code="z">postprint</subfield>
  </datafield>
  <datafield tag="856" ind1="4" ind2=" ">
    <subfield code="f">Travail_de_Diplome_Olivier_Josefowitz_V1_2.pdf</subfield>
    <subfield code="q">application/pdf</subfield>
    <subfield code="s">2700880</subfield>
    <subfield code="u">http://doc.rero.ch/record/11377/files/Travail_de_Diplome_Olivier_Josefowitz_V1_2.pdf</subfield>
    <subfield code="y">order:1</subfield>
    <subfield code="z">Texte intégral</subfield>
  </datafield>
  <datafield tag="990" ind1=" " ind2=" ">
    <subfield code="a">20090123123638-DM</subfield>
  </datafield>
  <datafield tag="300" ind1=" " ind2=" ">
    <subfield code="a">73 p.</subfield>
  </datafield>
  <datafield tag="980" ind1=" " ind2=" ">
    <subfield code="a">DISSERTATION</subfield>
    <subfield code="b">HEGGE</subfield>
    <subfield code="f">DISS_BACHELOR</subfield>
  </datafield>
  <datafield tag="080" ind1=" " ind2=" ">
    <subfield code="a">33</subfield>
  </datafield>
  <datafield tag="700" ind1=" " ind2=" ">
    <subfield code="a">Regamey, Gilles</subfield>
    <subfield code="e">Dir.</subfield>
  </datafield>
  <datafield tag="245" ind1=" " ind2=" ">
    <subfield code="9">eng</subfield>
    <subfield code="a">The global HR delivery model</subfield>
  </datafield>
  <datafield tag="520" ind1=" " ind2=" ">
    <subfield code="9">eng</subfield>
    <subfield code="a">The way companies manage their employees has changed a number of times in the past 100 years. The current trends such as technological innovations, globalization, cost containment, speed in market change, importance of knowledge capital and rate and magnitude of changes, promise future changes in what is today called Human Resource (HR) Management. These changes are even more significant in the competitive environment of globally operating companies. How should the HR function organize itself to be able to respond proactively to the demand of these trends? HR needs to find a cost efficient way to continue to attract, retain and develop talent to ensure the competitiveness of any company, while respecting the constantly shifting requirements of the global marketplace. The HR model of the Harvard Professor Dave Ulrich has inspired most of multinational companies in the reorganization of their HR function with the objective to add value to the business. The model consists of multiple roles through which responsibilities are shared with other individuals of the corporate world. By using different delivery channels, of which some may be outsourced, HR is enabled to add value to the business and can become more professional through a clear definition of the roles. A number of challenges in putting in place the Ulrich model can be named, such as: • customer relation • customization • customer dissatisfaction • process understanding • power of authority • offshoring • outsourcing • transformation • cost efficiency The model can also be compared across companies and industries through a clear definition of measurements. A case study analyzing the new HR model of DuPont brings insights from practice. After having identified two challenges, the company has decided in 2001 to go on the HR Transformation journey and moved in 2006, after having gone through a standardization of its IT platform and the implementation of Shared Services Centers (SSC), one step further to outsourcing of its HR services to Convergys. The above mentioned key challenges do not stop in front of DuPont and the $ 1.1 billion outsourcing contract over 13 years. They appear as a result of the company’s culture and the specificities of the transformation to the new model. Today, the challenges can be summarized in three key issues that can be tackled with a number of recommended actions. A brief look at the models implemented in three other multinationals, IBM, Procter &amp; Gamble and UBS, show that beyond the differences and similarities of the transformations there are a number of common challenges. Finally, we conclude saying that the transformation of the HR function does not remain without a significant impact on the company culture and on individuals within the company as part of the society in which the company operates.</subfield>
  </datafield>
  <datafield tag="918" ind1=" " ind2=" ">
    <subfield code="a">Haute école de gestion de Genève</subfield>
    <subfield code="b">Campus de Battelle, Bâtiment F, 7 route de Drize, 1227 Carouge</subfield>
    <subfield code="c">Economie d'entreprise</subfield>
  </datafield>
  <datafield tag="919" ind1=" " ind2=" ">
    <subfield code="a">Haute école de gestion de Genève</subfield>
    <subfield code="b">Genève</subfield>
    <subfield code="d">doc.support@rero.ch</subfield>
  </datafield>
  <datafield tag="100" ind1=" " ind2=" ">
    <subfield code="a">Josefowitz, Olivier</subfield>
  </datafield>
  <datafield tag="502" ind1=" " ind2=" ">
    <subfield code="9">2008</subfield>
    <subfield code="a">Mémoire de bachelor : Haute école de gestion de Genève, 2008 ; TDEE 68</subfield>
  </datafield>
  <datafield tag="041" ind1=" " ind2=" ">
    <subfield code="a">eng</subfield>
  </datafield>
  <datafield tag="035" ind1=" " ind2=" ">
    <subfield code="a">R004986918</subfield>
  </datafield>
</record>