
<record>
  <controlfield tag="001">11376</controlfield>
  <controlfield tag="005">20131209145615.0</controlfield>
  <datafield tag="024" ind1="8" ind2=" ">
    <subfield code="a">oai:doc.rero.ch:20090123145441-JH</subfield>
    <subfield code="p">dissertation</subfield>
    <subfield code="p">cdu33</subfield>
    <subfield code="p">infonet_economy</subfield>
    <subfield code="z">cdu1</subfield>
    <subfield code="z">preprint</subfield>
    <subfield code="z">hegge</subfield>
    <subfield code="z">cdu16</subfield>
    <subfield code="z">journal</subfield>
    <subfield code="z">book</subfield>
    <subfield code="z">thesis</subfield>
    <subfield code="z">report</subfield>
    <subfield code="z">thesis_urn</subfield>
    <subfield code="z">cdu34</subfield>
    <subfield code="z">postprint</subfield>
  </datafield>
  <datafield tag="856" ind1="4" ind2=" ">
    <subfield code="f">guide_de_bonnes_pratiques_lors_d_une_fusion_via_la_perception_des_acteurs_principaux_-_Charlotte_.pdf</subfield>
    <subfield code="q">application/pdf</subfield>
    <subfield code="s">1598627</subfield>
    <subfield code="u">http://doc.rero.ch/record/11376/files/guide_de_bonnes_pratiques_lors_d_une_fusion_via_la_perception_des_acteurs_principaux_-_Charlotte_.pdf</subfield>
    <subfield code="y">order:1</subfield>
    <subfield code="z">Texte intégral</subfield>
  </datafield>
  <datafield tag="990" ind1=" " ind2=" ">
    <subfield code="a">20090123145441-JH</subfield>
  </datafield>
  <datafield tag="300" ind1=" " ind2=" ">
    <subfield code="a">117 p.</subfield>
  </datafield>
  <datafield tag="980" ind1=" " ind2=" ">
    <subfield code="a">DISSERTATION</subfield>
    <subfield code="b">HEGGE</subfield>
    <subfield code="f">DISS_BACHELOR</subfield>
  </datafield>
  <datafield tag="080" ind1=" " ind2=" ">
    <subfield code="a">33</subfield>
  </datafield>
  <datafield tag="700" ind1=" " ind2=" ">
    <subfield code="a">Merlier, Philippe</subfield>
    <subfield code="e">Dir.</subfield>
  </datafield>
  <datafield tag="245" ind1=" " ind2=" ">
    <subfield code="9">fre</subfield>
    <subfield code="a">Etablissement d'un guide de bonnes pratiques lors d'une fusion via la perception des acteurs principaux</subfield>
  </datafield>
  <datafield tag="520" ind1=" " ind2=" ">
    <subfield code="9">fre</subfield>
    <subfield code="a">Le présent travail traite deux sujets : le premier est une fusion au sein d’un établissement universitaire semi-public et le second, du changement qui en découle dans le travail quotidien des employés ayant vécu une transition aussi importante. Dans ce type de transformation, le personnel doit faire face à des doutes, des peurs et parfois à des désaccords d’ordre éthique ou moral. Les deux instituts qui seront décrit dans ce travail sont radicalement différents en termes de culture d’entreprise, de style de management et surtout en termes de personnalité des employés. J’ai donc pris la décision d’analyser cette fusion de manière rétroactive et de déterminer la satisfaction ou au contraire l’insatisfaction du personnel face à ce changement. L’idée est, en plus de répondre à cette question, de comprendre les fondements des raisons qui poussent les employés à être satisfaits ou non. Pour obtenir un maximum de réponses, j’ai réalisé une étude quantitative à l’aide d’un questionnaire. Les résultats, mis en annexe de ce travail de diplôme, m’ont permis de répondre à des hypothèses que je m’étais fixées précédemment. Cette étude m’a permis de mettre en évidence des recommandations, qui me paraissaient être les plus pertinentes et les plus importantes dans ce type de changement, pour que le personnel se sente impliqué et surtout mis en avant plutôt qu’ à l’écart. Ces recommandations fondent un petit guide de bonne pratique pour les futures entreprises qui souhaiteraient fusionner. Elles pourront, si elles le souhaitent prendre exemple sur ce type de situation pour ne pas reproduire les mêmes erreurs ou au contraire se servir de ce qui est réussi. Je tiens à préciser que mon travail se limite volontairement à analyser les aspects humains d’un processus de fusion.</subfield>
  </datafield>
  <datafield tag="918" ind1=" " ind2=" ">
    <subfield code="a">Haute école de gestion de Genève</subfield>
    <subfield code="b">Campus de Battelle, Bâtiment F, 7 route de Drize, 1227 Carouge</subfield>
    <subfield code="c">Economie d'entreprise</subfield>
  </datafield>
  <datafield tag="919" ind1=" " ind2=" ">
    <subfield code="a">Haute école de gestion de Genève</subfield>
    <subfield code="b">Genève</subfield>
    <subfield code="d">doc.support@rero.ch</subfield>
  </datafield>
  <datafield tag="100" ind1=" " ind2=" ">
    <subfield code="a">Kaeser, Charlotte</subfield>
  </datafield>
  <datafield tag="502" ind1=" " ind2=" ">
    <subfield code="9">2008</subfield>
    <subfield code="a">Mémoire de bachelor : Haute école de gestion de Genève, 2008 ; TDEE 69</subfield>
  </datafield>
  <datafield tag="041" ind1=" " ind2=" ">
    <subfield code="a">fre</subfield>
  </datafield>
  <datafield tag="035" ind1=" " ind2=" ">
    <subfield code="a">R004987033</subfield>
  </datafield>
</record>