
<record>
  <controlfield tag="001">11375</controlfield>
  <controlfield tag="005">20131209145615.0</controlfield>
  <datafield tag="024" ind1="8" ind2=" ">
    <subfield code="a">oai:doc.rero.ch:20090123145901-ML</subfield>
    <subfield code="p">dissertation</subfield>
    <subfield code="p">cdu33</subfield>
    <subfield code="p">infonet_economy</subfield>
    <subfield code="z">cdu1</subfield>
    <subfield code="z">preprint</subfield>
    <subfield code="z">hegge</subfield>
    <subfield code="z">cdu16</subfield>
    <subfield code="z">journal</subfield>
    <subfield code="z">book</subfield>
    <subfield code="z">thesis</subfield>
    <subfield code="z">report</subfield>
    <subfield code="z">thesis_urn</subfield>
    <subfield code="z">cdu34</subfield>
    <subfield code="z">postprint</subfield>
  </datafield>
  <datafield tag="856" ind1="4" ind2=" ">
    <subfield code="f">TRAVAIL_DE_DIPLOME-ERCAN_KAHRAMAN.pdf</subfield>
    <subfield code="q">application/pdf</subfield>
    <subfield code="s">4107458</subfield>
    <subfield code="u">http://doc.rero.ch/record/11375/files/TRAVAIL_DE_DIPLOME-ERCAN_KAHRAMAN.pdf</subfield>
    <subfield code="y">order:1</subfield>
    <subfield code="z">Texte intégral</subfield>
  </datafield>
  <datafield tag="990" ind1=" " ind2=" ">
    <subfield code="a">20090123145901-ML</subfield>
  </datafield>
  <datafield tag="300" ind1=" " ind2=" ">
    <subfield code="a">109 p.</subfield>
  </datafield>
  <datafield tag="980" ind1=" " ind2=" ">
    <subfield code="a">DISSERTATION</subfield>
    <subfield code="b">HEGGE</subfield>
    <subfield code="f">DISS_BACHELOR</subfield>
  </datafield>
  <datafield tag="080" ind1=" " ind2=" ">
    <subfield code="a">33</subfield>
  </datafield>
  <datafield tag="700" ind1=" " ind2=" ">
    <subfield code="a">Oez, Tuna</subfield>
    <subfield code="e">Dir.</subfield>
  </datafield>
  <datafield tag="245" ind1=" " ind2=" ">
    <subfield code="9">fre</subfield>
    <subfield code="a">Nabucco VS South Stream</subfield>
    <subfield code="b">quel est le meilleur projet d'investissement pour une entreprise de négoce ou un pays selon une analyse risque?</subfield>
  </datafield>
  <datafield tag="520" ind1=" " ind2=" ">
    <subfield code="9">fre</subfield>
    <subfield code="a">Ce travail se décompose en trois parties. La première partie, l’introduction, vous permettra de connaître le gaz naturel dans son ensemble, son historique, son marché, ses réserves et ses problèmes. Ensuite, je vous présenterai les deux projets de gazoducs en détail, South Stream et Nabucco. Cette partie vous permettra de vous faire une idée sur le sujet traité afin de mieux comprendre le développement. La deuxième partie, le développement, qui s’intitule gestion des risques des projets, vous relatera le projet en lui-même avec une partie qui vous permettra de vous mettre en situation pour mieux interpréter la raison d’être de ces projets et celle pour laquelle ce document sera utile pour toute personne désireuse d’investir dans un des deux projets. Il y aura de plus, une partie explicative et descriptive de la matrice que j’aurais choisie. Pour terminer, tous les critères seront développés et reportés sur celle-ci afin d’avoir un avis précis, distinctif et comparatif entre les deux points. La troisième partie concerne la conclusion d’une partie de la matrice et d’une autre de tout le document et le travail accompli. Cette conclusion vous permettra d’avoir une idée nette à propos des choix possibles d’investissement entre les deux projets. Considéré jusque là comme une « sous énergie », le gaz est devenu, de nos jours, aussi important que le pétrole dans les enjeux géopolitiques et géoéconomiques. A l’heure où l’Europe se pose des questions sur les provenances de son gaz, la Russie en profite pour se placer comme leader dans la production, livraison et contrôle d’entreprises gazières étrangères. Le dilemme est là. D’un côté l’Europe manque cruellement de réserves de gaz sur son territoire, alors que ce n’est pas le cas pour la Russie, la région de la Caspienne et certains pays du Proche et Moyen-Orient. Ces derniers possèdent des réserves suffisantes pour répondre aux besoins européens. Dans cette optique d’approvisionnement et de stratagème politique les deux projets, Nabucco et South Stream, furent lancés. Nabucco est soutenu par l’Union Européenne et les Etats-Unis et toute participation de la Russie à ce projet est inenvisageable. South Stream, quant à lui, est projeté par Gazprom (Russie) et ENI (Italie). Le premier sera alimenté par la République islamique d’Iran, l’Iraq, l’Egypte et les pays de la région de la Caspienne et le deuxième par la Russie. D’un côté l’Union Européenne et son besoin d’affirmer l’union de tous les pays qui en font partie et, de l’autre, la Russie qui sème le trouble dans le projet Nabucco, en soutenant entre autre le régime iranien anti-européen pour prendre part au projet ou dans le cas contraire pour qu’il ne voit pas le jour. Ces deux projets présentent une bonne rentabilité. L’un à long terme, Nabucco, l’autre à court terme, South Stream. Le projet Nabucco adhère mieux à une vision d’investissement à long terme pour les pays qui veulent non seulement gagner de l’argent mais aussi sécuriser leur approvisionnement. South Stream, quant à lui, démontre une sécurité d’approvisionnement et une rentabilité plus forte à court terme car il présente de grands risques d’approvisionnement à long terme. Nabucco joue le rôle de régulateur dans le marché du gaz tandis que South Stream y attise les tensions. Du point de vue du financement, les deux projets ont l’investissement nécessaire à leurs réalisations et sont économiquement viables. Pour conclure, chaque pays ou entreprise de négoce désirant investir dans l’un ou l’autre projet doit le faire selon ses propres objectifs stratégiques.</subfield>
  </datafield>
  <datafield tag="918" ind1=" " ind2=" ">
    <subfield code="a">Haute école de gestion de Genève</subfield>
    <subfield code="b">Campus de Battelle, Bâtiment F, 7 route de Drize, 1227 Carouge</subfield>
    <subfield code="c">Economie d'entreprise</subfield>
  </datafield>
  <datafield tag="919" ind1=" " ind2=" ">
    <subfield code="a">Haute école de gestion de Genève</subfield>
    <subfield code="b">Genève</subfield>
    <subfield code="d">doc.support@rero.ch</subfield>
  </datafield>
  <datafield tag="100" ind1=" " ind2=" ">
    <subfield code="a">Kahraman, Ercan</subfield>
  </datafield>
  <datafield tag="502" ind1=" " ind2=" ">
    <subfield code="9">2008</subfield>
    <subfield code="a">Mémoire de bachelor : Haute école de gestion de Genève, 2008 ; TDEE 70</subfield>
  </datafield>
  <datafield tag="041" ind1=" " ind2=" ">
    <subfield code="a">fre</subfield>
  </datafield>
  <datafield tag="035" ind1=" " ind2=" ">
    <subfield code="a">R004987042</subfield>
  </datafield>
</record>