
<record>
  <controlfield tag="001">11374</controlfield>
  <controlfield tag="005">20131209145615.0</controlfield>
  <datafield tag="024" ind1="8" ind2=" ">
    <subfield code="a">oai:doc.rero.ch:20090123150748-PL</subfield>
    <subfield code="p">dissertation</subfield>
    <subfield code="p">cdu33</subfield>
    <subfield code="p">infonet_economy</subfield>
    <subfield code="z">cdu1</subfield>
    <subfield code="z">preprint</subfield>
    <subfield code="z">hegge</subfield>
    <subfield code="z">cdu16</subfield>
    <subfield code="z">journal</subfield>
    <subfield code="z">book</subfield>
    <subfield code="z">thesis</subfield>
    <subfield code="z">report</subfield>
    <subfield code="z">thesis_urn</subfield>
    <subfield code="z">cdu34</subfield>
    <subfield code="z">postprint</subfield>
  </datafield>
  <datafield tag="856" ind1="4" ind2=" ">
    <subfield code="f">Cr_dit_Hypo.version_finale.pdf</subfield>
    <subfield code="q">application/pdf</subfield>
    <subfield code="s">544104</subfield>
    <subfield code="u">http://doc.rero.ch/record/11374/files/Cr_dit_Hypo.version_finale.pdf</subfield>
    <subfield code="y">order:1</subfield>
    <subfield code="z">Texte intégral</subfield>
  </datafield>
  <datafield tag="990" ind1=" " ind2=" ">
    <subfield code="a">20090123150748-PL</subfield>
  </datafield>
  <datafield tag="300" ind1=" " ind2=" ">
    <subfield code="a">54 p.</subfield>
  </datafield>
  <datafield tag="980" ind1=" " ind2=" ">
    <subfield code="a">DISSERTATION</subfield>
    <subfield code="b">HEGGE</subfield>
    <subfield code="f">DISS_BACHELOR</subfield>
  </datafield>
  <datafield tag="080" ind1=" " ind2=" ">
    <subfield code="a">33</subfield>
  </datafield>
  <datafield tag="700" ind1=" " ind2=" ">
    <subfield code="a">Walle, Arnaud</subfield>
    <subfield code="e">Dir.</subfield>
  </datafield>
  <datafield tag="245" ind1=" " ind2=" ">
    <subfield code="9">fre</subfield>
    <subfield code="a">Crise des subprimes</subfield>
    <subfield code="b">conséquences sur les crédits hypothécaires en Suisse</subfield>
  </datafield>
  <datafield tag="520" ind1=" " ind2=" ">
    <subfield code="9">fre</subfield>
    <subfield code="a">Aujourd’hui, la crise des subprimes est un sujet d’actualité, c’est pourquoi nous avons choisi une problématique qui touche ce phénomène. Afin de comprendre quelles ont été les conséquences des subprimes sur les conditions de crédits hypothécaires en Suisse, nous avons réalisé diverses interviews. Nous avons contacté des banques (UBS, Crédit Suisse, Banque Cantonale de Genève et Raiffeisen), des sociétés d’expertise immobilière ainsi que des établissements aptes à fournir des informations statistiques. Notre recherche d’informations s’est donc basée principalement sur des interviews et des articles de presse car il n’existe pas encore d’ouvrages traitant du sujet. En annexe, vous trouverez le questionnaire qui a été envoyé aux différents établissements dans le but de préparer les interviews. Comme vous pourrez le constater, nous avons favorisé les questions ouvertes afin de tirer un maximum d’informations sur les conséquences des subprimes en Suisse. Notre analyse nous a montré qu’au niveau international, une crise de confiance a touché le secteur du crédit. Celle-ci a engendré une forte volatilité des taux d’intérêt interbancaires. La crise des subprimes est devenue un problème de politique monétaire à la suite de la hausse inattendue du taux d’intérêt Libor. Cependant, grâce à l’intervention de la Banque nationale suisse, l’économie suisse n’a pas connu un resserrement important des conditions monétaires. Notre recherche nous a également permis de constater qu’en 2008, les taux hypothécaires ont connu un cycle haussier en Suisse. Cette tendance s’explique par le fait que la Suisse connaît une forte poussée de l’inflation. Elle peut aussi s’expliquer par la marge prélevée par les banques lors de l’octroi d’un crédit. Après la crise des subprimes, l’effet d’incertitude sur les anticipations des conséquences de la crise a augmenté la prime de risque. Finalement, nous avons remarqué que la Suisse ne connaît pas de resserrement du crédit. Depuis la crise des subprimes, les limites de crédits n’ont pas diminuées. Le taux de croissance des hypothèques est actuellement à un niveau stable et les banques ne sont pas devenues plus sélectives. A l’inverse des Etats-Unis, les clients peu solvables n’entrent pas en compte dans l’octroi des crédits hypothécaires des banques. Des directives strictes sont imposées par les banques et par les accords de Bâle.</subfield>
  </datafield>
  <datafield tag="918" ind1=" " ind2=" ">
    <subfield code="a">Haute école de gestion de Genève</subfield>
    <subfield code="b">Campus de Battelle, Bâtiment F, 7 route de Drize, 1227 Carouge</subfield>
    <subfield code="c">Economie d'entreprise</subfield>
  </datafield>
  <datafield tag="919" ind1=" " ind2=" ">
    <subfield code="a">Haute école de gestion de Genève</subfield>
    <subfield code="b">Genève</subfield>
    <subfield code="d">doc.support@rero.ch</subfield>
  </datafield>
  <datafield tag="100" ind1=" " ind2=" ">
    <subfield code="a">Maggialetti, Pietro</subfield>
  </datafield>
  <datafield tag="502" ind1=" " ind2=" ">
    <subfield code="9">2008</subfield>
    <subfield code="a">Mémoire de bachelor : Haute école de gestion de Genève, 2008 ; TDEE 71</subfield>
  </datafield>
  <datafield tag="041" ind1=" " ind2=" ">
    <subfield code="a">fre</subfield>
  </datafield>
  <datafield tag="035" ind1=" " ind2=" ">
    <subfield code="a">R004987043</subfield>
  </datafield>
</record>