
<record>
  <controlfield tag="001">11372</controlfield>
  <controlfield tag="005">20131209145615.0</controlfield>
  <datafield tag="024" ind1="8" ind2=" ">
    <subfield code="a">oai:doc.rero.ch:20090123151246-HA</subfield>
    <subfield code="p">dissertation</subfield>
    <subfield code="p">cdu33</subfield>
    <subfield code="p">infonet_economy</subfield>
    <subfield code="z">cdu1</subfield>
    <subfield code="z">preprint</subfield>
    <subfield code="z">hegge</subfield>
    <subfield code="z">cdu16</subfield>
    <subfield code="z">journal</subfield>
    <subfield code="z">book</subfield>
    <subfield code="z">thesis</subfield>
    <subfield code="z">report</subfield>
    <subfield code="z">thesis_urn</subfield>
    <subfield code="z">cdu34</subfield>
    <subfield code="z">postprint</subfield>
  </datafield>
  <datafield tag="856" ind1="4" ind2=" ">
    <subfield code="f">Nicolas_Martin_Travail_de_diplome_PDF.pdf</subfield>
    <subfield code="q">application/pdf</subfield>
    <subfield code="s">1805221</subfield>
    <subfield code="u">http://doc.rero.ch/record/11372/files/Nicolas_Martin_Travail_de_diplome_PDF.pdf</subfield>
    <subfield code="y">order:1</subfield>
    <subfield code="z">Texte intégral</subfield>
  </datafield>
  <datafield tag="990" ind1=" " ind2=" ">
    <subfield code="a">20090123151246-HA</subfield>
  </datafield>
  <datafield tag="300" ind1=" " ind2=" ">
    <subfield code="a">55 p.</subfield>
  </datafield>
  <datafield tag="980" ind1=" " ind2=" ">
    <subfield code="a">DISSERTATION</subfield>
    <subfield code="b">HEGGE</subfield>
    <subfield code="f">DISS_BACHELOR</subfield>
  </datafield>
  <datafield tag="080" ind1=" " ind2=" ">
    <subfield code="a">33</subfield>
  </datafield>
  <datafield tag="700" ind1=" " ind2=" ">
    <subfield code="a">Junod, Nathalie</subfield>
    <subfield code="e">Dir.</subfield>
  </datafield>
  <datafield tag="245" ind1=" " ind2=" ">
    <subfield code="9">fre</subfield>
    <subfield code="a">Opportunités dans le négoce international d'ammoniac</subfield>
  </datafield>
  <datafield tag="520" ind1=" " ind2=" ">
    <subfield code="9">fre</subfield>
    <subfield code="a">Depuis 2007, la situation économique mondiale tend à s’inscrire dans une phase de récession. Les prix des matières premières ne cessent d’atteindre des records, les financiers sont soumis à rude épreuve avec les dettes américaines et les consommateurs voient leur pouvoir d’achat diminuer. Comme le prix du maïs a doublé durant l’année 2007, le risque d’une crise alimentaire des pays pauvres augmente. Les nouvelles réglementations et exigences mentionnées dans l’accord de Kyoto poussent les gouvernements à développer les biocarburants et à utiliser des matières fossiles moins polluantes. Cette tendance se traduit par l’exploitation des ressources agraires pour développer de l’éthanol, sans pour autant augmenter les surfaces cultivables. C’est principalement cette contradiction qui crée la crise actuelle sur le marché de l’ammoniac et des engrais et qui se conclut par une offre insuffisante. L’augmentation de la population et l’évolution de la consommation alimentaire promettent un avenir plutôt intéressant pour le marché de l’ammoniac. En plus de cela, le prix estimé pour 2009 par les professionnels est de 1000 usd la tonne, alors qu’elle se vendait entre 200 et 300 usd en 2003. Cette perspective a attiré les investisseurs à construire des usines d’ammoniac et d’engrais dans les pays possédant un coût de production le plus compétitif tel qu’au Moyen Orient. Cette région a le privilège de disposer de grandes ressources en gaz naturel (principale matière première pour la production d’ammoniac). Il faut tout de même noter que ces investissements coûtent beaucoup d’argent et sont basés sur du long terme. Aujourd’hui, les usines d’ammoniac vendent leurs produits essentiellement sur le marché local. Il s’agit donc d’une industrie qui répond à un besoin proche. Mon travail va consister à évaluer les opportunités présentent sur le marché pour les acteurs actuels et à comprendre les types de stratégies que ceux-ci vont pouvoir adapter et mettre en place. J’introduirai également les risques liés au négoce international d’ammoniac et à sa production. Mon étude doit permettre aux dirigeants de saisir facilement comment fonctionne ce marché, ainsi que d’identifier les facteurs qui peuvent avoir un impact sur l’évolution de l’offre et de la demande.</subfield>
  </datafield>
  <datafield tag="918" ind1=" " ind2=" ">
    <subfield code="a">Haute école de gestion de Genève</subfield>
    <subfield code="b">Campus de Battelle, Bâtiment F, 7 route de Drize, 1227 Carouge</subfield>
    <subfield code="c">Economie d'entreprise</subfield>
  </datafield>
  <datafield tag="919" ind1=" " ind2=" ">
    <subfield code="a">Haute école de gestion de Genève</subfield>
    <subfield code="b">Genève</subfield>
    <subfield code="d">doc.support@rero.ch</subfield>
  </datafield>
  <datafield tag="100" ind1=" " ind2=" ">
    <subfield code="a">Martin, Nicolas</subfield>
  </datafield>
  <datafield tag="502" ind1=" " ind2=" ">
    <subfield code="9">2008</subfield>
    <subfield code="a">Mémoire de bachelor : Haute école de gestion de Genève, 2008 ; TDEE 72</subfield>
  </datafield>
  <datafield tag="041" ind1=" " ind2=" ">
    <subfield code="a">fre</subfield>
  </datafield>
  <datafield tag="035" ind1=" " ind2=" ">
    <subfield code="a">R004987047</subfield>
  </datafield>
</record>