
<record>
  <controlfield tag="001">11370</controlfield>
  <controlfield tag="005">20131209145614.0</controlfield>
  <datafield tag="024" ind1="8" ind2=" ">
    <subfield code="a">oai:doc.rero.ch:20090123152412-ZY</subfield>
    <subfield code="p">dissertation</subfield>
    <subfield code="p">cdu33</subfield>
    <subfield code="p">infonet_economy</subfield>
    <subfield code="z">cdu1</subfield>
    <subfield code="z">preprint</subfield>
    <subfield code="z">hegge</subfield>
    <subfield code="z">cdu16</subfield>
    <subfield code="z">journal</subfield>
    <subfield code="z">book</subfield>
    <subfield code="z">thesis</subfield>
    <subfield code="z">report</subfield>
    <subfield code="z">thesis_urn</subfield>
    <subfield code="z">cdu34</subfield>
    <subfield code="z">postprint</subfield>
  </datafield>
  <datafield tag="856" ind1="4" ind2=" ">
    <subfield code="f">Travail_de_dipl_me_-_porchetm_-_FINAL.pdf</subfield>
    <subfield code="q">application/pdf</subfield>
    <subfield code="s">1325458</subfield>
    <subfield code="u">http://doc.rero.ch/record/11370/files/Travail_de_dipl_me_-_porchetm_-_FINAL.pdf</subfield>
    <subfield code="y">order:1</subfield>
    <subfield code="z">Texte intégral</subfield>
  </datafield>
  <datafield tag="990" ind1=" " ind2=" ">
    <subfield code="a">20090123152412-ZY</subfield>
  </datafield>
  <datafield tag="300" ind1=" " ind2=" ">
    <subfield code="a">122 p.</subfield>
  </datafield>
  <datafield tag="980" ind1=" " ind2=" ">
    <subfield code="a">DISSERTATION</subfield>
    <subfield code="b">HEGGE</subfield>
    <subfield code="f">DISS_BACHELOR</subfield>
  </datafield>
  <datafield tag="080" ind1=" " ind2=" ">
    <subfield code="a">33</subfield>
  </datafield>
  <datafield tag="700" ind1=" " ind2=" ">
    <subfield code="a">Tuberosa, Jean</subfield>
    <subfield code="e">Dir.</subfield>
  </datafield>
  <datafield tag="245" ind1=" " ind2=" ">
    <subfield code="9">fre</subfield>
    <subfield code="a">Analyses et supports relatifs aux modes de communication d'une fondation à but non lucratif</subfield>
    <subfield code="b">Fondation Emmanuel Cao</subfield>
  </datafield>
  <datafield tag="520" ind1=" " ind2=" ">
    <subfield code="9">fre</subfield>
    <subfield code="a">Rechercher des fonds, peu importe l’objectif ou la cause soutenue, demande de nombreux atouts et savoir-faire, à commencer par une bonne communication permettant de créer un échange, une relation. C’est au niveau de la communication externe de la Fondation Emmanuel Cao que le présent travail de diplôme porte. Plusieurs étapes ont permis d’atteindre les objectifs fixés ayant pour ultimes buts d’apporter un support et des recommandations à cette dernière. Pour commencer, il a été question de percevoir la situation globale de l’entreprise. Ainsi, la première étape s’est constituée d’une prise de connaissance de la Fondation, de son contexte, de l’environnement, de l’intensité concurrentielle qui l’entoure et de ces forces, faiblesses, menaces et opportunités. Puis, une étude de ses pratiques en matière de communication et de ses outils médiatiques actuels s’est effectuée. Ces premières étapes ont été réalisées à l’aide de documents fournis par les membres de la Fondation et d’entretiens avec ceux-ci. Les diverses analyses effectuées au cours de ce travail ont mis en évidence des issues encore non exploitées, ainsi que des aspects pouvant être améliorés tant à des fins de communication qu’à des fins de promotion des relations de la Fondation. C’est pourquoi, au cours de ce mémoire, j’émets des propositions et des recommandations permettant de favoriser le don, de fidéliser le donateur, mais aussi permettant d’aider l’aboutissement de nouvelles relations. Plusieurs recommandations ont également été formulées en vue des prochaines actions de communication de la Fondation et de l’amélioration de ses outils médiatiques. En outre, un site Internet a été constitué par mes soins à l’attention de la Fondation. Ce projet s’est également réalisé à l’aide de documents mis à disposition par la Fondation et de réunions. Ce site étant déjà en ligne, j’ai pu procéder à une analyse de sa perception auprès de quelques personnes permettant ainsi de fournir des recommandations à la Fondation Emmanuel Cao.</subfield>
  </datafield>
  <datafield tag="918" ind1=" " ind2=" ">
    <subfield code="a">Haute école de gestion de Genève</subfield>
    <subfield code="b">Campus de Battelle, Bâtiment F, 7 route de Drize, 1227 Carouge</subfield>
    <subfield code="c">Economie d'entreprise</subfield>
  </datafield>
  <datafield tag="919" ind1=" " ind2=" ">
    <subfield code="a">Haute école de gestion de Genève</subfield>
    <subfield code="b">Genève</subfield>
    <subfield code="d">doc.support@rero.ch</subfield>
  </datafield>
  <datafield tag="100" ind1=" " ind2=" ">
    <subfield code="a">Porchet, Mireille</subfield>
  </datafield>
  <datafield tag="502" ind1=" " ind2=" ">
    <subfield code="9">2008</subfield>
    <subfield code="a">Mémoire de bachelor : Haute école de gestion de Genève, 2008 ; TDEE 74</subfield>
  </datafield>
  <datafield tag="041" ind1=" " ind2=" ">
    <subfield code="a">fre</subfield>
  </datafield>
  <datafield tag="035" ind1=" " ind2=" ">
    <subfield code="a">R004987052</subfield>
  </datafield>
</record>