
<record>
  <controlfield tag="001">11368</controlfield>
  <controlfield tag="005">20131209145614.0</controlfield>
  <datafield tag="024" ind1="8" ind2=" ">
    <subfield code="a">oai:doc.rero.ch:20090123153757-MF</subfield>
    <subfield code="p">dissertation</subfield>
    <subfield code="p">cdu33</subfield>
    <subfield code="p">infonet_economy</subfield>
    <subfield code="z">cdu1</subfield>
    <subfield code="z">preprint</subfield>
    <subfield code="z">hegge</subfield>
    <subfield code="z">cdu16</subfield>
    <subfield code="z">journal</subfield>
    <subfield code="z">book</subfield>
    <subfield code="z">thesis</subfield>
    <subfield code="z">report</subfield>
    <subfield code="z">thesis_urn</subfield>
    <subfield code="z">cdu34</subfield>
    <subfield code="z">postprint</subfield>
  </datafield>
  <datafield tag="856" ind1="4" ind2=" ">
    <subfield code="f">Travail_de_dipl_me_-_Alphadjo_Sako.pdf</subfield>
    <subfield code="q">application/pdf</subfield>
    <subfield code="s">2823988</subfield>
    <subfield code="u">http://doc.rero.ch/record/11368/files/Travail_de_dipl_me_-_Alphadjo_Sako.pdf</subfield>
    <subfield code="y">order:1</subfield>
    <subfield code="z">Texte intégral</subfield>
  </datafield>
  <datafield tag="990" ind1=" " ind2=" ">
    <subfield code="a">20090123153757-MF</subfield>
  </datafield>
  <datafield tag="300" ind1=" " ind2=" ">
    <subfield code="a">43 p.</subfield>
  </datafield>
  <datafield tag="980" ind1=" " ind2=" ">
    <subfield code="a">DISSERTATION</subfield>
    <subfield code="b">HEGGE</subfield>
    <subfield code="f">DISS_BACHELOR</subfield>
  </datafield>
  <datafield tag="080" ind1=" " ind2=" ">
    <subfield code="a">33</subfield>
  </datafield>
  <datafield tag="700" ind1=" " ind2=" ">
    <subfield code="a">Dubosson Torbay, Magali</subfield>
    <subfield code="e">Dir.</subfield>
  </datafield>
  <datafield tag="245" ind1=" " ind2=" ">
    <subfield code="9">fre</subfield>
    <subfield code="a">Détermination de la willingness to pay en musique</subfield>
  </datafield>
  <datafield tag="520" ind1=" " ind2=" ">
    <subfield code="9">fre</subfield>
    <subfield code="a">Objectif du travail : Déterminer combien le consommateur est prêt à payer pour de la musique. Ceci implique les disques, le numérique et les concerts. Moyens mis en oeuvre : Formuler des hypothèses et vérifier leurs véracités à travers un questionnaire. Recommandations : Voici les recommandations que je préconise afin de réduire l’écart entre les consentements moyens des consommateurs et les prix du marché : Le côté émotionnel de la musique influençant beaucoup le consentement à payer du consommateur, les artistes et maisons de disque devraient favoriser davantage la qualité des chansons délivrées. En baissant les prix des disques physiques d’environ 37%, 83% des personnes sondées en consommeraient plus (42.86% beaucoup plus et 40.26% un peu plus). Pour arriver au prix souhaité, les maisons de disque pourraient diminuer certains coûts en optant pour un boîtier en carton et en limitant ou arrêtant complètement la production de single physique. Les gens sont prêts à dépenser plus sans les DRM. Je recommande donc l’allégement ou l’abolition des ces « verrous ». Conclusion : Le marché de la musique s’est déjà fait surprendre par l’avancée des technologies (téléchargements). Les différents acteurs doivent aujourd’hui faire des choix et changer leur manière de procéder. La musique est beaucoup plus accessible et le piratage beaucoup plus facile qu’autrefois. La révision de la tarification est donc primordiale.</subfield>
  </datafield>
  <datafield tag="918" ind1=" " ind2=" ">
    <subfield code="a">Haute école de gestion de Genève</subfield>
    <subfield code="b">Campus de Battelle, Bâtiment F, 7 route de Drize, 1227 Carouge</subfield>
    <subfield code="c">Economie d'entreprise</subfield>
  </datafield>
  <datafield tag="919" ind1=" " ind2=" ">
    <subfield code="a">Haute école de gestion de Genève</subfield>
    <subfield code="b">Genève</subfield>
    <subfield code="d">doc.support@rero.ch</subfield>
  </datafield>
  <datafield tag="100" ind1=" " ind2=" ">
    <subfield code="a">Sako, Alphadjo</subfield>
  </datafield>
  <datafield tag="502" ind1=" " ind2=" ">
    <subfield code="9">2008</subfield>
    <subfield code="a">Mémoire de bachelor : Haute école de gestion de Genève, 2008 ; TDEE 77</subfield>
  </datafield>
  <datafield tag="041" ind1=" " ind2=" ">
    <subfield code="a">fre</subfield>
  </datafield>
  <datafield tag="035" ind1=" " ind2=" ">
    <subfield code="a">R004987182</subfield>
  </datafield>
</record>