
<record>
  <controlfield tag="001">11286</controlfield>
  <controlfield tag="005">20130225121956.0</controlfield>
  <datafield tag="024" ind1="8" ind2=" ">
    <subfield code="a">oai:doc.rero.ch:20090119113629-GS</subfield>
    <subfield code="p">dissertation</subfield>
    <subfield code="p">rero_explore</subfield>
    <subfield code="z">cdu1</subfield>
    <subfield code="z">preprint</subfield>
    <subfield code="z">hegge</subfield>
    <subfield code="z">cdu16</subfield>
    <subfield code="z">journal</subfield>
    <subfield code="z">book</subfield>
    <subfield code="z">cdu02</subfield>
    <subfield code="z">thesis</subfield>
    <subfield code="z">report</subfield>
    <subfield code="z">thesis_urn</subfield>
    <subfield code="z">cdu34</subfield>
    <subfield code="z">postprint</subfield>
  </datafield>
  <datafield tag="041" ind1=" " ind2=" ">
    <subfield code="a">ger</subfield>
  </datafield>
  <datafield tag="080" ind1=" " ind2=" ">
    <subfield code="a">02</subfield>
  </datafield>
  <datafield tag="100" ind1=" " ind2=" ">
    <subfield code="a">Sieber, Carla</subfield>
  </datafield>
  <datafield tag="245" ind1=" " ind2=" ">
    <subfield code="9">ger</subfield>
    <subfield code="a">Computergestützte Bilderkennung als Suchoption</subfield>
    <subfield code="b">Auswertung des Usability Tests einer Wappen-Datenbank</subfield>
  </datafield>
  <datafield tag="300" ind1=" " ind2=" ">
    <subfield code="a">47 p.</subfield>
  </datafield>
  <datafield tag="502" ind1=" " ind2=" ">
    <subfield code="9">2008</subfield>
    <subfield code="a">Mémoire de bachelor : Haute école de gestion de Genève, 2008</subfield>
  </datafield>
  <datafield tag="520" ind1=" " ind2=" ">
    <subfield code="9">ger</subfield>
    <subfield code="a">"Die ähnlichkeitsorientierte Suche ist für den Laien benutzerfreundlicher als die textbasierte Recherche, da er dafür keine spezifische heraldische Terminologie beherrschen muss". Um diese Arbeitshypothese zu überprüfen gab das Kunsthistorische Institut eine Usability-Studie in Auftrag. Sie soll dem Entwicklungsteam zu einem umfassenden Verständnis der Anwenderfreundlichkeit der Benutzerschnittstelle verhelfen und Probleme in der Handhabung identifizieren. In einem weiteren Schritt sollen Lösungsvorschläge ausgearbeitet und vorgestellt werden. Um die Benutzerfreundlichkeit zu evaluieren, wurden Tests an 21 Personen und in zwei Varianten durchgeführt: Neun der Testteilnehmer befassten sich individuell mit der Benutzerschnittstelle und waren dabei angehalten, während einer Aufgabenbewältigung die Überlegungen, Probleme und Handlungsalternativen zu verbalisieren ( Thinking-aloud Methode). Die übrigen 12 Testteilnehmer wurden in Zweiergruppen aufgeteilt und lösten die Aufgaben gemeinsam ( Constructive Interaction Methode). Dadurch wird eine natürlichere Kommunikationssituation hergestellt. Die Tests wurden umfassend aufgezeichnet: Eine Film- und Audioaufnahme wurde von jedem Testteilnehmer erstellt. Ausserdem wurden die Mausbewegungen, Texteingaben und Aktivierungen per Mausklick registriert, um eine möglichst ausführliche Analyse zu ermöglichen. Die Auswertung erfolgte nach dem Prinzip des Severity-Ranking : die Probleme wurden durch Punktvergabe bewertet und danach aufgelistet, wie schwerwiegend sie sich auf die Handhabung der Seite auswirken. In einem letzten Schritt wurden Lösungsvorschläge für eine Verbesserung der Benutzerfreundlichkeit ausgearbeitet. Die Tests zeichnen ein ziemlich ernüchterndes Bild von der Benutzerfreundlichkeit der Ähnlichkeitsrecherche von Wappen: Für den Laien ist sie schwerer durchführbar als die textbasierte Suche. Einige Änderungen in der Benutzerführung könnten die Effizienz dieser Suchmethode aber durchaus steigern.</subfield>
  </datafield>
  <datafield tag="700" ind1=" " ind2=" ">
    <subfield code="a">Schneider, René</subfield>
    <subfield code="e">Dir.</subfield>
  </datafield>
  <datafield tag="856" ind1="4" ind2=" ">
    <subfield code="f">bachelorarbeit_sieber_definitiv.pdf</subfield>
    <subfield code="q">application/pdf</subfield>
    <subfield code="s">1744840</subfield>
    <subfield code="u">http://doc.rero.ch/record/11286/files/bachelorarbeit_sieber_definitiv.pdf</subfield>
    <subfield code="y">order:1</subfield>
    <subfield code="z">Texte intégral</subfield>
  </datafield>
  <datafield tag="918" ind1=" " ind2=" ">
    <subfield code="a">Haute école de gestion de Genève</subfield>
    <subfield code="c">Information documentaire</subfield>
    <subfield code="b">Campus de Battelle, Bâtiment F, 7 route de Drize, 1227 Carouge</subfield>
  </datafield>
  <datafield tag="919" ind1=" " ind2=" ">
    <subfield code="a">Haute école de gestion de Genève</subfield>
    <subfield code="b">Genève</subfield>
    <subfield code="d">doc.support@rero.ch</subfield>
  </datafield>
  <datafield tag="980" ind1=" " ind2=" ">
    <subfield code="a">DISSERTATION</subfield>
    <subfield code="b">HEGGE</subfield>
    <subfield code="f">DISS_BACHELOR</subfield>
  </datafield>
  <datafield tag="990" ind1=" " ind2=" ">
    <subfield code="a">20090119113629-GS</subfield>
  </datafield>
</record>