
<record>
  <controlfield tag="001">11285</controlfield>
  <controlfield tag="005">20130225121956.0</controlfield>
  <datafield tag="024" ind1="8" ind2=" ">
    <subfield code="a">oai:doc.rero.ch:20090119120410-UA</subfield>
    <subfield code="p">dissertation</subfield>
    <subfield code="p">rero_explore</subfield>
    <subfield code="z">cdu1</subfield>
    <subfield code="z">preprint</subfield>
    <subfield code="z">hegge</subfield>
    <subfield code="z">cdu16</subfield>
    <subfield code="z">journal</subfield>
    <subfield code="z">book</subfield>
    <subfield code="z">cdu02</subfield>
    <subfield code="z">thesis</subfield>
    <subfield code="z">report</subfield>
    <subfield code="z">thesis_urn</subfield>
    <subfield code="z">cdu34</subfield>
    <subfield code="z">postprint</subfield>
  </datafield>
  <datafield tag="041" ind1=" " ind2=" ">
    <subfield code="a">fre</subfield>
  </datafield>
  <datafield tag="080" ind1=" " ind2=" ">
    <subfield code="a">02</subfield>
  </datafield>
  <datafield tag="100" ind1=" " ind2=" ">
    <subfield code="a">Rochat, Jérémie</subfield>
  </datafield>
  <datafield tag="245" ind1=" " ind2=" ">
    <subfield code="9">fre</subfield>
    <subfield code="a">Mise en valeur des auteurs et illustrateurs suisses de la Bibliothèque municipale Jeunesse de Lausanne</subfield>
  </datafield>
  <datafield tag="300" ind1=" " ind2=" ">
    <subfield code="a">67 p.</subfield>
  </datafield>
  <datafield tag="502" ind1=" " ind2=" ">
    <subfield code="9">2008</subfield>
    <subfield code="a">Mémoire de bachelor : Haute école de gestion de Genève, 2008 ; TDB 2065</subfield>
  </datafield>
  <datafield tag="520" ind1=" " ind2=" ">
    <subfield code="9">fre</subfield>
    <subfield code="a">L’objet de ce mémoire est de présenter la problématique et le déroulement du travail de mise en valeur des auteurs et illustrateurs suisses entrepris à la Bibliothèque municipale Jeunesse de Lausanne. Afin de repérer les ouvrages suisses présents à la Bibliothèque municipale Jeunesse, un recensement global des auteurs et illustrateurs suisses pour la jeunesse a été réalisé. Les principales sources d’information, qu’elles soient imprimées, électroniques ou de véritables institutions, sont décrites avec leurs diverses caractéristiques. Les différentes méthodes de signalement physique et informatique ont été évaluées. Figurent ainsi les avantages et inconvénients des pastilles, languettes, étiquettes ou du regroupement physique des documents ainsi qu’un examen de l’influence des formats MARC21 et UniMARC sur la rédaction des notices bibliographiques. Ces différentes utilisations sont toujours étayées par un exemple de situation rencontrée. Dans notre cas, une étiquette a été apposée sur toutes les œuvres suisses et leurs notices ont été modifiées afin qu’une recherche spécifique puisse être effectuée dans l’OPAC. En outre, ce mémoire comprend une étude des divers moyens de promotion d’un nouveau service ou produit. Concrètement, une exposition a été montée et un guide bibliographique a été rédigé à l’attention des lecteurs, dans le but d’offrir une sélection d’ouvrages suisses présents à la bibliothèque. La possibilité de mettre en ligne le produit du recensement à l’aide de différents types de bases de données a également été étudiée. De même, plusieurs modèles de publication pouvant résulter de ce travail ont été analysés. Potentielle base de travail pour de nombreuses bibliothèques, ce rapport peut également amener à une réflexion en vue d’une éventuelle uniformisation du signalement informatique de la nationalité des auteurs. Ce travail de bachelor devrait également aboutir sur la publication d’une bibliographie des auteurs et illustrateurs romands pour la jeunesse dont les œuvres sont disponibles en librairie.</subfield>
  </datafield>
  <datafield tag="700" ind1=" " ind2=" ">
    <subfield code="a">Varrin, Michael</subfield>
  </datafield>
  <datafield tag="700" ind1=" " ind2=" ">
    <subfield code="a">Gorin, Michel</subfield>
    <subfield code="e">Dir.</subfield>
  </datafield>
  <datafield tag="856" ind1="4" ind2=" ">
    <subfield code="f">TB_ROCHAT_VARRIN.pdf</subfield>
    <subfield code="q">application/pdf</subfield>
    <subfield code="s">1526090</subfield>
    <subfield code="u">http://doc.rero.ch/record/11285/files/TB_ROCHAT_VARRIN.pdf</subfield>
    <subfield code="y">order:1</subfield>
    <subfield code="z">Texte intégral</subfield>
  </datafield>
  <datafield tag="918" ind1=" " ind2=" ">
    <subfield code="a">Haute école de gestion de Genève</subfield>
    <subfield code="c">Information documentaire</subfield>
    <subfield code="b">Campus de Battelle, Bâtiment F, 7 route de Drize, 1227 Carouge</subfield>
  </datafield>
  <datafield tag="919" ind1=" " ind2=" ">
    <subfield code="a">Haute école de gestion de Genève</subfield>
    <subfield code="b">Genève</subfield>
    <subfield code="d">doc.support@rero.ch</subfield>
  </datafield>
  <datafield tag="980" ind1=" " ind2=" ">
    <subfield code="a">DISSERTATION</subfield>
    <subfield code="b">HEGGE</subfield>
    <subfield code="f">DISS_BACHELOR</subfield>
  </datafield>
  <datafield tag="990" ind1=" " ind2=" ">
    <subfield code="a">20090119120410-UA</subfield>
  </datafield>
</record>