
<record>
  <controlfield tag="001">11284</controlfield>
  <controlfield tag="005">20130225121956.0</controlfield>
  <datafield tag="024" ind1="8" ind2=" ">
    <subfield code="a">oai:doc.rero.ch:20090119121715-XY</subfield>
    <subfield code="p">dissertation</subfield>
    <subfield code="p">rero_explore</subfield>
    <subfield code="z">cdu1</subfield>
    <subfield code="z">preprint</subfield>
    <subfield code="z">hegge</subfield>
    <subfield code="z">cdu16</subfield>
    <subfield code="z">journal</subfield>
    <subfield code="z">book</subfield>
    <subfield code="z">cdu02</subfield>
    <subfield code="z">thesis</subfield>
    <subfield code="z">report</subfield>
    <subfield code="z">thesis_urn</subfield>
    <subfield code="z">cdu34</subfield>
    <subfield code="z">postprint</subfield>
  </datafield>
  <datafield tag="041" ind1=" " ind2=" ">
    <subfield code="a">fre</subfield>
  </datafield>
  <datafield tag="080" ind1=" " ind2=" ">
    <subfield code="a">02</subfield>
  </datafield>
  <datafield tag="100" ind1=" " ind2=" ">
    <subfield code="a">Niederberger, Sophie</subfield>
  </datafield>
  <datafield tag="245" ind1=" " ind2=" ">
    <subfield code="9">fre</subfield>
    <subfield code="a">Proposition de traitement du fonds Margot en vue de son intégration à la Maison d'Ailleurs</subfield>
  </datafield>
  <datafield tag="300" ind1=" " ind2=" ">
    <subfield code="a">VIII, 106 p.</subfield>
  </datafield>
  <datafield tag="502" ind1=" " ind2=" ">
    <subfield code="9">2008</subfield>
    <subfield code="a">Mémoire de bachelor : Haute école de gestion de Genève, 2008 ; TDB 2063</subfield>
  </datafield>
  <datafield tag="520" ind1=" " ind2=" ">
    <subfield code="9">fre</subfield>
    <subfield code="a">L’acquisition du fonds Margot représente pour la Maison d’Ailleurs, en plus de la création d’une exposition permanente, l’opportunité d’adopter un système de traitement documentaire reposant sur des normes reconnues. Mon mandat consistait à développer une stratégie de mise en place des documents du fonds, puis à élaborer des recommandations de gestion, description et cotation sur la base de cette collection. Pour ce faire, je me suis documentée sur le fonds et son sujet : Jules Verne. J’ai rencontré les membres du personnel de la Maison d’Ailleurs. J’ai également réalisé des entretiens avec des professionnels du domaine des musées afin de connaître leurs pratiques et je me suis basée sur les normes bibliothéconomiques et muséographiques en vigueur. La proposition de mise en place, basée essentiellement sur l’aspect esthétique des documents, fut acceptée par le conservateur du musée, Monsieur Gyger, et fut adoptée, autant que possible. Les systèmes de gestion, description et cotation semblent satisfaisants : relativement simples d’utilisation, ils respectent les standards et pratiques étudiés, tiennent compte de la situation et des besoins de la Maison d’Ailleurs, enfin, ils essaient d’être exhaustifs en couvrant l’ensemble des documents, très hétérogènes, de la collection. Ils n’ont toutefois pas pu être testés et se sont construits sur la base de documents « virtuels ». En effet, la collection se trouvait aux Etats-Unis, chez son collectionneur, elle arriva en Suisse le 25 juin 2008. Lors de ce travail, j’ai pu constater plusieurs choses. Les musées, les bibliothèques et les archives sont des domaines proches, vouloir les séparer serait une erreur, il faudrait, au contraire, stimuler leur collaboration. Travailler seule à l’élaboration de systèmes de traitement documentaire n’est pas idéal, afin de réduire la subjectivité des choix, il est préférable d’être plusieurs. Enfin, le manque de moyens humains et financiers des musées de petite ou moyenne taille entrave le traitement documentaire de leurs collections.</subfield>
  </datafield>
  <datafield tag="700" ind1=" " ind2=" ">
    <subfield code="a">Madinier, Hélène</subfield>
    <subfield code="e">Dir.</subfield>
  </datafield>
  <datafield tag="856" ind1="4" ind2=" ">
    <subfield code="f">TB-NIEDERBERGER.pdf</subfield>
    <subfield code="q">application/pdf</subfield>
    <subfield code="s">717646</subfield>
    <subfield code="u">http://doc.rero.ch/record/11284/files/TB-NIEDERBERGER.pdf</subfield>
    <subfield code="y">order:1</subfield>
    <subfield code="z">Texte intégral</subfield>
  </datafield>
  <datafield tag="918" ind1=" " ind2=" ">
    <subfield code="a">Haute école de gestion de Genève</subfield>
    <subfield code="c">Information documentaire</subfield>
    <subfield code="b">Campus de Battelle, Bâtiment F, 7 route de Drize, 1227 Carouge</subfield>
  </datafield>
  <datafield tag="919" ind1=" " ind2=" ">
    <subfield code="a">Haute école de gestion de Genève</subfield>
    <subfield code="b">Genève</subfield>
    <subfield code="d">doc.support@rero.ch</subfield>
  </datafield>
  <datafield tag="980" ind1=" " ind2=" ">
    <subfield code="a">DISSERTATION</subfield>
    <subfield code="b">HEGGE</subfield>
    <subfield code="f">DISS_BACHELOR</subfield>
  </datafield>
  <datafield tag="990" ind1=" " ind2=" ">
    <subfield code="a">20090119121715-XY</subfield>
  </datafield>
</record>