
<record>
  <controlfield tag="001">11283</controlfield>
  <controlfield tag="005">20130225121956.0</controlfield>
  <datafield tag="024" ind1="8" ind2=" ">
    <subfield code="a">oai:doc.rero.ch:20090119122949-EK</subfield>
    <subfield code="p">dissertation</subfield>
    <subfield code="p">rero_explore</subfield>
    <subfield code="z">cdu1</subfield>
    <subfield code="z">preprint</subfield>
    <subfield code="z">hegge</subfield>
    <subfield code="z">cdu16</subfield>
    <subfield code="z">journal</subfield>
    <subfield code="z">book</subfield>
    <subfield code="z">cdu02</subfield>
    <subfield code="z">thesis</subfield>
    <subfield code="z">report</subfield>
    <subfield code="z">thesis_urn</subfield>
    <subfield code="z">cdu34</subfield>
    <subfield code="z">postprint</subfield>
  </datafield>
  <datafield tag="041" ind1=" " ind2=" ">
    <subfield code="a">fre</subfield>
  </datafield>
  <datafield tag="080" ind1=" " ind2=" ">
    <subfield code="a">02</subfield>
  </datafield>
  <datafield tag="100" ind1=" " ind2=" ">
    <subfield code="a">Milliard, Michaël</subfield>
  </datafield>
  <datafield tag="245" ind1=" " ind2=" ">
    <subfield code="9">fre</subfield>
    <subfield code="a">Les étudiants du Secondaire II au Centre de documentation d'Alliance Sud</subfield>
    <subfield code="b">une méthodologie de recherche d'information</subfield>
  </datafield>
  <datafield tag="300" ind1=" " ind2=" ">
    <subfield code="a">127 p.</subfield>
  </datafield>
  <datafield tag="502" ind1=" " ind2=" ">
    <subfield code="9">2008</subfield>
    <subfield code="a">Mémoire de bachelor : Haute école de gestion de Genève, 2008 ; TDB 2062</subfield>
  </datafield>
  <datafield tag="520" ind1=" " ind2=" ">
    <subfield code="9">fre</subfield>
    <subfield code="a">Mandat Le Centre de documentation d’Alliance Sud de Lausanne a défini comme l’un de ses objectifs annuels pour 2008 la réalisation d’un document d’aide à la recherche à l’attention de ses utilisateurs, qui corresponde dans les grandes lignes à un guide documentaire1 du Centre de documentation d’Alliance Sud de Berne. Le mandat à réaliser pour le compte du Centre de documentation d’Alliance Sud consiste en l’élaboration d’une méthodologie de recherche d’information destinée aux étudiants du Secondaire II qui fréquentent le centre de documentation. Le but est de produire un document permettant à des jeunes de 16 à 20 ans d’obtenir des résultats plus pertinents dans leur recherche d’information et ainsi, de les aider lors de la préparation d’exposés et de travaux de maturité. Le document propose aussi des sources de référence (sites Internet et documents imprimés) dans les domaines qui concernent Alliance Sud : les enjeux mondiaux, les relations Nord-Sud, le développement et la coopération internationale. Objectifs du mandat Les objectifs du mandat sont donc de mener une étude approfondie du centre de documentation afin de dégager des pistes pour élaborer une méthodologie de recherche d’information à l’attention des gymnasiens. Ce document est ensuite adapté au projet « La jeunesse débat », championnat suisse de débat entre jeunes, en « étoffant » le paragraphe sur la recherche d’information dans la brochure de présentation du projet. Alliance Sud fournissant déjà des dossiers de presse, le document les complète en permettant aux participants de rechercher des informations sur des thèmes d’actualité de manière autonome. Principales étapes Pour permettre la réalisation du travail, une démarche impliquant diverses étapes s’avère nécessaire. La phase initiale consiste à établir un état des lieux faisant ressortir les points forts et les points faibles du centre de documentation. La phase principale est celle de la collecte d’informations. Cette étape se compose de plusieurs parties distinctes : lectures d’ouvrages et consultation de sites Internet sur la recherche d’information, entretiens avec des personnes de référence du domaine, visites de Services d’information documentaire (SID) liés au domaine du développement, élaboration d’un questionnaire, entretiens qualitatifs visant à compléter les résultats des questionnaires. Enfin, le travail se termine par la réalisation du document final. Il comporte une introduction sur la recherche d’information et le Centre de documentation d’Alliance Sud, les étapes de la méthodologie, ainsi qu’une description de sources de référence sur des thèmes choisis (eau, énergie, alimentation, migrations, géopolitique/enjeux mondiaux). Conclusions de la recherche Les réponses au questionnaire illustrent les difficultés rencontrées par les gymnasiens dans la recherche d’information sur Internet. Par conséquent, ils nécessitent un temps important pour obtenir les informations recherchées. La cause principale s’avère être la quantité d’informations disponibles. On remarque aussi un faible taux de vérification de l’information obtenue. Quant aux entretiens menés, ils mettent en évidence le fait que la problématique de la recherche d’information est énormément liée à l’enseignant. Comme la sensibilisation est faible parmi les enseignants, il en résulte un manque de formation chez leurs élèves. Tous ces éléments renforcent la nécessité pour ces futurs universitaires de disposer d’une véritable méthodologie de recherche d’information lors de la réalisation de leurs travaux.</subfield>
  </datafield>
  <datafield tag="700" ind1=" " ind2=" ">
    <subfield code="a">Rezzonico, Ariane</subfield>
    <subfield code="e">Dir.</subfield>
  </datafield>
  <datafield tag="856" ind1="4" ind2=" ">
    <subfield code="f">Memoire_MilliardMichael_HEG_ID_2008.pdf</subfield>
    <subfield code="q">application/pdf</subfield>
    <subfield code="s">721622</subfield>
    <subfield code="u">http://doc.rero.ch/record/11283/files/Memoire_MilliardMichael_HEG_ID_2008.pdf</subfield>
    <subfield code="y">order:1</subfield>
    <subfield code="z">Texte intégral</subfield>
  </datafield>
  <datafield tag="918" ind1=" " ind2=" ">
    <subfield code="a">Haute école de gestion de Genève</subfield>
    <subfield code="c">Information documentaire</subfield>
    <subfield code="b">Campus de Battelle, Bâtiment F, 7 route de Drize, 1227 Carouge</subfield>
  </datafield>
  <datafield tag="919" ind1=" " ind2=" ">
    <subfield code="a">Haute école de gestion de Genève</subfield>
    <subfield code="b">Genève</subfield>
    <subfield code="d">doc.support@rero.ch</subfield>
  </datafield>
  <datafield tag="980" ind1=" " ind2=" ">
    <subfield code="a">DISSERTATION</subfield>
    <subfield code="b">HEGGE</subfield>
    <subfield code="f">DISS_BACHELOR</subfield>
  </datafield>
  <datafield tag="990" ind1=" " ind2=" ">
    <subfield code="a">20090119122949-EK</subfield>
  </datafield>
</record>