
<record>
  <controlfield tag="001">11281</controlfield>
  <controlfield tag="005">20130225121956.0</controlfield>
  <datafield tag="024" ind1="8" ind2=" ">
    <subfield code="a">oai:doc.rero.ch:20090119124440-FD</subfield>
    <subfield code="p">dissertation</subfield>
    <subfield code="p">rero_explore</subfield>
    <subfield code="z">cdu1</subfield>
    <subfield code="z">preprint</subfield>
    <subfield code="z">hegge</subfield>
    <subfield code="z">cdu16</subfield>
    <subfield code="z">journal</subfield>
    <subfield code="z">book</subfield>
    <subfield code="z">cdu02</subfield>
    <subfield code="z">thesis</subfield>
    <subfield code="z">report</subfield>
    <subfield code="z">thesis_urn</subfield>
    <subfield code="z">cdu34</subfield>
    <subfield code="z">postprint</subfield>
  </datafield>
  <datafield tag="041" ind1=" " ind2=" ">
    <subfield code="a">fre</subfield>
  </datafield>
  <datafield tag="080" ind1=" " ind2=" ">
    <subfield code="a">02</subfield>
  </datafield>
  <datafield tag="100" ind1=" " ind2=" ">
    <subfield code="a">Mellifluo, Laure</subfield>
  </datafield>
  <datafield tag="245" ind1=" " ind2=" ">
    <subfield code="9">fre</subfield>
    <subfield code="a">Évaluation des archives : en théorie et en pratique aux Archives communales de la Ville de Carouge</subfield>
  </datafield>
  <datafield tag="300" ind1=" " ind2=" ">
    <subfield code="a">76 p.</subfield>
  </datafield>
  <datafield tag="502" ind1=" " ind2=" ">
    <subfield code="9">2008</subfield>
    <subfield code="a">Mémoire de bachelor : Haute école de gestion de Genève, 2008 ; TDB 2059</subfield>
  </datafield>
  <datafield tag="520" ind1=" " ind2=" ">
    <subfield code="9">fre</subfield>
    <subfield code="a">Les Archives de la Ville de Carouge ont pour mission principale de collecter et de préserver les archives de la commune pour en constituer l’histoire. Cependant, les services producteurs manquant ostensiblement d’informations à ce sujet, la gestion des documents dans les bureaux laisse à désirer et les versements ont lieu de manière très chaotique. L’archiviste doit par la suite déployer les grands moyens pour tenter de maintenir une certaine cohérence entre les fonds. L’objectif principal de ce travail est donc, dans un premier temps, de procéder à une évaluation des dossiers détenus par le service des Affaires culturelles et de la communication, choisi à titre d’échantillon, afin de déterminer de manière plus scientifique ce qui doit être versé de ce qui ne doit pas l’être en se basant sur une étude des différentes méthodes proposées dans la littérature professionnelle. La deuxième étape est de mettre en place des instruments pour s’assurer que les archives identifiées comme historiques seront traitées avec les égards qui leur sont dû. C’est la méthode de Schellenberg qui a été sélectionnée pour procéder à l’évaluation sur la base de laquelle un calendrier de conservation du service ainsi qu’un index en facilitant la compréhension pour les producteurs ont été réalisés. Un guide pratique des archives, sous la forme de quatre fiches thématiques, a ensuite été rédigé pour transmettre aux services les informations primordiales concernant l’utilisation du calendrier de conservation, la mise en ordre des dossiers, le traitement des archives électroniques et le fonctionnement général d’un service d’archives. Tout au long de ce travail, le souci principal fut de produire des outils aussi compréhensibles et faciles d’utilisation que possible pour les services producteurs. Les documents élaborés sont encore en attente de validation par la hiérarchie. Ils seront ensuite distribués aux employés et, si, comme escompté, des effets positifs se font ressentir, le travail pourra être poursuivi pour d’autres services.</subfield>
  </datafield>
  <datafield tag="700" ind1=" " ind2=" ">
    <subfield code="a">Giroux, Alain</subfield>
    <subfield code="e">Dir.</subfield>
  </datafield>
  <datafield tag="856" ind1="4" ind2=" ">
    <subfield code="f">Travail_de_bachelor.pdf</subfield>
    <subfield code="q">application/pdf</subfield>
    <subfield code="s">1533119</subfield>
    <subfield code="u">http://doc.rero.ch/record/11281/files/Travail_de_bachelor.pdf</subfield>
    <subfield code="y">order:1</subfield>
    <subfield code="z">Texte intégral</subfield>
  </datafield>
  <datafield tag="918" ind1=" " ind2=" ">
    <subfield code="a">Haute école de gestion de Genève</subfield>
    <subfield code="c">Information documentaire</subfield>
    <subfield code="b">Campus de Battelle, Bâtiment F, 7 route de Drize, 1227 Carouge</subfield>
  </datafield>
  <datafield tag="919" ind1=" " ind2=" ">
    <subfield code="a">Haute école de gestion de Genève</subfield>
    <subfield code="b">Genève</subfield>
    <subfield code="d">doc.support@rero.ch</subfield>
  </datafield>
  <datafield tag="980" ind1=" " ind2=" ">
    <subfield code="a">DISSERTATION</subfield>
    <subfield code="b">HEGGE</subfield>
    <subfield code="f">DISS_BACHELOR</subfield>
  </datafield>
  <datafield tag="990" ind1=" " ind2=" ">
    <subfield code="a">20090119124440-FD</subfield>
  </datafield>
</record>