
<record>
  <controlfield tag="001">11280</controlfield>
  <controlfield tag="005">20130225121956.0</controlfield>
  <datafield tag="024" ind1="8" ind2=" ">
    <subfield code="a">oai:doc.rero.ch:20090119130123-NH</subfield>
    <subfield code="p">dissertation</subfield>
    <subfield code="p">rero_explore</subfield>
    <subfield code="z">cdu1</subfield>
    <subfield code="z">preprint</subfield>
    <subfield code="z">hegge</subfield>
    <subfield code="z">cdu16</subfield>
    <subfield code="z">journal</subfield>
    <subfield code="z">book</subfield>
    <subfield code="z">cdu02</subfield>
    <subfield code="z">thesis</subfield>
    <subfield code="z">report</subfield>
    <subfield code="z">thesis_urn</subfield>
    <subfield code="z">cdu34</subfield>
    <subfield code="z">postprint</subfield>
  </datafield>
  <datafield tag="041" ind1=" " ind2=" ">
    <subfield code="a">fre</subfield>
  </datafield>
  <datafield tag="080" ind1=" " ind2=" ">
    <subfield code="a">02</subfield>
  </datafield>
  <datafield tag="100" ind1=" " ind2=" ">
    <subfield code="a">Pasquier, Karine</subfield>
  </datafield>
  <datafield tag="245" ind1=" " ind2=" ">
    <subfield code="9">fre</subfield>
    <subfield code="a">Des bibliothèques pour le Sénégal</subfield>
    <subfield code="b">mise en place et intégration de bibliothèques en Afrique de l'Ouest</subfield>
  </datafield>
  <datafield tag="300" ind1=" " ind2=" ">
    <subfield code="a">73 p.</subfield>
  </datafield>
  <datafield tag="502" ind1=" " ind2=" ">
    <subfield code="9">2008</subfield>
    <subfield code="a">Mémoire de bachelor : Haute école de gestion de Genève, 2008 ; TDB 2064</subfield>
  </datafield>
  <datafield tag="520" ind1=" " ind2=" ">
    <subfield code="9">fre</subfield>
    <subfield code="a">Fondé en 2003, le Voyage de l’Amitié est un projet qui, sous la tutelle de la Haute Ecole de Gestion, a permis de récolter des ouvrages et de trouver le financement nécessaire afin de pouvoir mettre sur pied des bibliothèques au Sénégal. Suite à la mise en place de 6 bibliothèques, le projet a évolué en un travail de bachelor, avec pour objectifs : • la mise sur pied des bibliothèques et formation des futurs gestionnaires, afin de permettre au projet Le Voyage de l’Amitié de s’implanter de manière optimale au Sénégal et de fonctionner avec efficacité et en toute autonomie ; • le suivi du projet « Le Voyage de l’Amitié » ; • la rédaction d’un manuel de recommandations, expliquant la manière de conduire un projet d’aide au développement dans le domaine de l’information documentaire, destiné à des non-professionnels de la coopération ; • la remise et le suivi du projet Le Voyage de l’Amitié à un nouveau groupe d’étudiant de première année, afin d’agir dans la continuité et de sensibiliser les étudiants en information documentaire à la Haute école de gestion à l’aide au développement dans leur domaine professionnel. Ce mandat contribuera à la fois à une mise en valeur des actions de coopération dans le domaine de l’information documentaire, mais aussi à une meilleure gestion des projets, mieux adaptée aux conditions des pays et aux besoins des populations. Pour ce faire, des propositions permettront aux projets d’aide au développement dans le domaine de l’information documentaire de perdurer et de donner accès dans la durée à l’information et à la lecture, grâce à une bonne gestion et une bonne formation.</subfield>
  </datafield>
  <datafield tag="700" ind1=" " ind2=" ">
    <subfield code="a">Estermann Wiskott, Yolande</subfield>
    <subfield code="e">Dir.</subfield>
  </datafield>
  <datafield tag="856" ind1="4" ind2=" ">
    <subfield code="f">TDB_HEG_2008.pdf</subfield>
    <subfield code="q">application/pdf</subfield>
    <subfield code="s">476689</subfield>
    <subfield code="u">http://doc.rero.ch/record/11280/files/TDB_HEG_2008.pdf</subfield>
    <subfield code="y">order:1</subfield>
    <subfield code="z">Texte intégral</subfield>
  </datafield>
  <datafield tag="918" ind1=" " ind2=" ">
    <subfield code="a">Haute école de gestion de Genève</subfield>
    <subfield code="c">Information documentaire</subfield>
    <subfield code="b">Campus de Battelle, Bâtiment F, 7 route de Drize, 1227 Carouge</subfield>
  </datafield>
  <datafield tag="919" ind1=" " ind2=" ">
    <subfield code="a">Haute école de gestion de Genève</subfield>
    <subfield code="b">Genève</subfield>
    <subfield code="d">doc.support@rero.ch</subfield>
  </datafield>
  <datafield tag="980" ind1=" " ind2=" ">
    <subfield code="a">DISSERTATION</subfield>
    <subfield code="b">HEGGE</subfield>
    <subfield code="f">DISS_BACHELOR</subfield>
  </datafield>
  <datafield tag="990" ind1=" " ind2=" ">
    <subfield code="a">20090119130123-NH</subfield>
  </datafield>
</record>