
<record>
  <controlfield tag="001">11279</controlfield>
  <controlfield tag="005">20130225121956.0</controlfield>
  <datafield tag="024" ind1="8" ind2=" ">
    <subfield code="a">oai:doc.rero.ch:20090119141439-WH</subfield>
    <subfield code="p">dissertation</subfield>
    <subfield code="p">rero_explore</subfield>
    <subfield code="z">cdu1</subfield>
    <subfield code="z">preprint</subfield>
    <subfield code="z">hegge</subfield>
    <subfield code="z">cdu16</subfield>
    <subfield code="z">journal</subfield>
    <subfield code="z">book</subfield>
    <subfield code="z">cdu02</subfield>
    <subfield code="z">thesis</subfield>
    <subfield code="z">report</subfield>
    <subfield code="z">thesis_urn</subfield>
    <subfield code="z">cdu34</subfield>
    <subfield code="z">postprint</subfield>
  </datafield>
  <datafield tag="041" ind1=" " ind2=" ">
    <subfield code="a">fre</subfield>
  </datafield>
  <datafield tag="080" ind1=" " ind2=" ">
    <subfield code="a">02</subfield>
  </datafield>
  <datafield tag="100" ind1=" " ind2=" ">
    <subfield code="a">Grangier, Christelle</subfield>
  </datafield>
  <datafield tag="245" ind1=" " ind2=" ">
    <subfield code="9">fre</subfield>
    <subfield code="a">Numériser une collection patrimoniale, l'exemple de la Bibliothèque cantonale et universitaire de Fribourg</subfield>
  </datafield>
  <datafield tag="300" ind1=" " ind2=" ">
    <subfield code="a">77 p.</subfield>
  </datafield>
  <datafield tag="502" ind1=" " ind2=" ">
    <subfield code="9">2008</subfield>
    <subfield code="a">Mémoire de bachelor : Haute école de gestion de Genève, 2008 ; TDB 2058</subfield>
  </datafield>
  <datafield tag="520" ind1=" " ind2=" ">
    <subfield code="9">fre</subfield>
    <subfield code="a">Numériser une collection patrimoniale devient une étape essentielle pour toute bibliothèque qui possède des collections anciennes. Alors que la Suisse prend du retard sur ses voisins proches et éloignés, peu de ressources adaptées aux besoins des institutions sont offertes. En effet, dans la réalité de la gestion professionnelle, les décisions doivent être prises rapidement, sans laisser le temps à des recherches d’informations essentielles. Le développement de la numérisation est devenu tel que la documentation sur le sujet se multiplie chaque jour et allonge considérablement toute étude. Ainsi, la planification et la réflexion sont trop souvent reléguées après le lancement d’un projet ou même ignorées. Cette problématique a été découverte lors de l’analyse de l’état des projets de numérisation dans les bibliothèques cantonales romandes et plus particulièrement à la BCU Fribourg et est devenu central dans le développement de ce projet. Suivant une démarche intellectuelle visant à se baser sur les problèmes rencontrés par les bibliothèques dans leur évolution vers la modernité du numérique pour leur proposer des solutions, un guide permettant aux bibliothèques de lancer rapidement leur projet de numérisation sans laisser de côté les analyses et réflexions préalables a été élaboré. Ce guide offre des outils et méthodes prêts à l’emploi et ne nécessitant que peu de connaissances préalables. Pour des cas particulier ou des bibliothèques plus exigeantes, des liens vers les ressources appropriées sont proposés. Construit sur une approche méthodique souhaitant s’adapter aux besoins des SID, le travail présente premièrement une synthèse de l’état de la numérisation dans les bibliothèques cantonales romandes et plus particulièrement à la BCU Fribourg. Selon cette analyse, un guide pratique d’aide à la réalisation de projet de numérisation manquait aux institutions qui dès lors préféraient trop souvent réaliser leurs travaux sans planification et recherches préalables. La deuxième partie du présent rapport propose donc une méthode de gestion de projet de numérisation ainsi que les sources d’informations appropriées à chaque étape. Finalement, cette méthodologie a été appliquée à titre d’exemple au cas de la bibliothèque cantonale et universitaire de Fribourg.</subfield>
  </datafield>
  <datafield tag="700" ind1=" " ind2=" ">
    <subfield code="a">Boder, Alexandre</subfield>
    <subfield code="e">Dir.</subfield>
  </datafield>
  <datafield tag="856" ind1="4" ind2=" ">
    <subfield code="f">M_moire_TB_grangierc.pdf</subfield>
    <subfield code="q">application/pdf</subfield>
    <subfield code="s">588169</subfield>
    <subfield code="u">http://doc.rero.ch/record/11279/files/M_moire_TB_grangierc.pdf</subfield>
    <subfield code="y">order:1</subfield>
    <subfield code="z">Texte intégral</subfield>
  </datafield>
  <datafield tag="918" ind1=" " ind2=" ">
    <subfield code="a">Haute école de gestion de Genève</subfield>
    <subfield code="c">Information documentaire</subfield>
    <subfield code="b">Campus de Battelle, Bâtiment F, 7 route de Drize, 1227 Carouge</subfield>
  </datafield>
  <datafield tag="919" ind1=" " ind2=" ">
    <subfield code="a">Haute école de gestion de Genève</subfield>
    <subfield code="b">Genève</subfield>
    <subfield code="d">doc.support@rero.ch</subfield>
  </datafield>
  <datafield tag="980" ind1=" " ind2=" ">
    <subfield code="a">DISSERTATION</subfield>
    <subfield code="b">HEGGE</subfield>
    <subfield code="f">DISS_BACHELOR</subfield>
  </datafield>
  <datafield tag="990" ind1=" " ind2=" ">
    <subfield code="a">20090119141439-WH</subfield>
  </datafield>
</record>