
<record>
  <controlfield tag="001">11278</controlfield>
  <controlfield tag="005">20130225121956.0</controlfield>
  <datafield tag="024" ind1="8" ind2=" ">
    <subfield code="a">oai:doc.rero.ch:20090119142227-CY</subfield>
    <subfield code="p">dissertation</subfield>
    <subfield code="p">rero_explore</subfield>
    <subfield code="z">cdu1</subfield>
    <subfield code="z">preprint</subfield>
    <subfield code="z">hegge</subfield>
    <subfield code="z">cdu16</subfield>
    <subfield code="z">journal</subfield>
    <subfield code="z">book</subfield>
    <subfield code="z">cdu02</subfield>
    <subfield code="z">thesis</subfield>
    <subfield code="z">report</subfield>
    <subfield code="z">thesis_urn</subfield>
    <subfield code="z">cdu34</subfield>
    <subfield code="z">postprint</subfield>
  </datafield>
  <datafield tag="041" ind1=" " ind2=" ">
    <subfield code="a">fre</subfield>
  </datafield>
  <datafield tag="080" ind1=" " ind2=" ">
    <subfield code="a">02</subfield>
  </datafield>
  <datafield tag="100" ind1=" " ind2=" ">
    <subfield code="a">Gaignat, Hélène</subfield>
  </datafield>
  <datafield tag="245" ind1=" " ind2=" ">
    <subfield code="9">fre</subfield>
    <subfield code="a">Une salle d'écoute et de visionnement à la Bibliothèque cantonale jurassienne</subfield>
    <subfield code="b">réflexion, prospection, élaboration du projet</subfield>
  </datafield>
  <datafield tag="300" ind1=" " ind2=" ">
    <subfield code="a">88 p.</subfield>
  </datafield>
  <datafield tag="502" ind1=" " ind2=" ">
    <subfield code="9">2008</subfield>
    <subfield code="a">Mémoire de bachelor : Haute école de gestion de Genève, 2008 ; TDB 2057</subfield>
  </datafield>
  <datafield tag="520" ind1=" " ind2=" ">
    <subfield code="9">fre</subfield>
    <subfield code="a">Ce travail présente la gestion d'un projet de création d'une salle de consultation pour les documents multimédias et numériques, ainsi qu'une réflexion sur l'aménagement des espaces publics de la Bibliothèque cantonale jurassienne (BiCJ). Une synthèse de la documentation sur les thèmes des secteurs publics et du droit d'auteur ainsi qu'une enquête en bibliothèques suisses sur la consultation des documents multimédias et numériques ont permis de mettre en avant les connaissances actuelles en rapport avec le projet. Il résulte de ces recherches que l'avenir de la consultation des documents multimédias sera de plus en plus lié à la numérisation et à la mise à disposition d'information via Internet. Un état des lieux critique de la BiCJ a mis en avant les possibilités d'améliorations de l'agencement actuel des salles publiques. Sur la base de cette analyse, un concept théorique de réorganisation de l'espace public a été défini. Celui-ci poursuit trois buts: faciliter l'accès à la bibliothèque et à ses ressources; garantir une cohérence dans l'aménagement des ressources et espaces; rendre la bibliothèque et l'utilisation de ses fonds plus confortable et conviviale. Au final, un projet de réorganisation de l'espace public de la BiCJ a vu le jour. Il prévoit notamment la mise en place d'une salle de consultation pour les fonds multimédias et numériques. Deux propositions ont été élaborées à cet effet: la première projette la simple mise en place des appareils de consultation pour chaque support, la deuxième s'inscrit dans la continuité de la première et conseille la numérisation des documents analogiques et leur mise en accès sous format numérique. C'est cette deuxième solution qui est ici préconisée, puisqu'elle atteint au mieux les objectifs de la BiCJ.</subfield>
  </datafield>
  <datafield tag="700" ind1=" " ind2=" ">
    <subfield code="a">Deschamps, Jacqueline</subfield>
    <subfield code="e">Dir.</subfield>
  </datafield>
  <datafield tag="856" ind1="4" ind2=" ">
    <subfield code="f">TB_H_l_ne_Gaignat.pdf</subfield>
    <subfield code="q">application/pdf</subfield>
    <subfield code="s">1064279</subfield>
    <subfield code="u">http://doc.rero.ch/record/11278/files/TB_H_l_ne_Gaignat.pdf</subfield>
    <subfield code="y">order:1</subfield>
    <subfield code="z">Texte intégral</subfield>
  </datafield>
  <datafield tag="918" ind1=" " ind2=" ">
    <subfield code="a">Haute école de gestion de Genève</subfield>
    <subfield code="c">Information documentaire</subfield>
    <subfield code="b">Campus de Battelle, Bâtiment F, 7 route de Drize, 1227 Carouge</subfield>
  </datafield>
  <datafield tag="919" ind1=" " ind2=" ">
    <subfield code="a">Haute école de gestion de Genève</subfield>
    <subfield code="b">Genève</subfield>
    <subfield code="d">doc.support@rero.ch</subfield>
  </datafield>
  <datafield tag="980" ind1=" " ind2=" ">
    <subfield code="a">DISSERTATION</subfield>
    <subfield code="b">HEGGE</subfield>
    <subfield code="f">DISS_BACHELOR</subfield>
  </datafield>
  <datafield tag="990" ind1=" " ind2=" ">
    <subfield code="a">20090119142227-CY</subfield>
  </datafield>
</record>