
<record>
  <controlfield tag="001">11277</controlfield>
  <controlfield tag="005">20130225121956.0</controlfield>
  <datafield tag="024" ind1="8" ind2=" ">
    <subfield code="a">oai:doc.rero.ch:20090119142924-GD</subfield>
    <subfield code="p">dissertation</subfield>
    <subfield code="p">rero_explore</subfield>
    <subfield code="z">cdu1</subfield>
    <subfield code="z">preprint</subfield>
    <subfield code="z">hegge</subfield>
    <subfield code="z">cdu16</subfield>
    <subfield code="z">journal</subfield>
    <subfield code="z">book</subfield>
    <subfield code="z">cdu02</subfield>
    <subfield code="z">thesis</subfield>
    <subfield code="z">report</subfield>
    <subfield code="z">thesis_urn</subfield>
    <subfield code="z">cdu34</subfield>
    <subfield code="z">postprint</subfield>
  </datafield>
  <datafield tag="041" ind1=" " ind2=" ">
    <subfield code="a">fre</subfield>
  </datafield>
  <datafield tag="080" ind1=" " ind2=" ">
    <subfield code="a">02</subfield>
  </datafield>
  <datafield tag="100" ind1=" " ind2=" ">
    <subfield code="a">Etienne, Cindy</subfield>
  </datafield>
  <datafield tag="245" ind1=" " ind2=" ">
    <subfield code="9">fre</subfield>
    <subfield code="a">Les dossiers documentaires revisités</subfield>
    <subfield code="b">quelle gestion pour les dossiers documentaires?</subfield>
  </datafield>
  <datafield tag="300" ind1=" " ind2=" ">
    <subfield code="a">183 p.</subfield>
  </datafield>
  <datafield tag="502" ind1=" " ind2=" ">
    <subfield code="9">2008</subfield>
    <subfield code="a">Mémoire de bachelor : Haute école de gestion de Genève, 2008 ; TDB 2056</subfield>
  </datafield>
  <datafield tag="520" ind1=" " ind2=" ">
    <subfield code="9">fre</subfield>
    <subfield code="a">Nous avons été mandatées par la Bibliothèque du Léman à Renens, afin de mener une réflexion sur la gestion des dossiers documentaires. La première partie de notre travail est consacrée à l’état des lieux. Elle présente la Bibliothèque du Léman, ses missions, et la gestion actuelle des dossiers documentaires. Nous nous sommes également penchées sur le public cible de notre travail et ses besoins informationnels. Dans un deuxième temps, nous avons posé les bases théoriques, en définissant le concept de dossier documentaire, sous sa forme imprimée et informatique. Puis nous avons mis l’accent sur les enjeux techniques, juridiques, économiques et professionnels qui interviennent lors de l’élaboration de dossiers documentaires. Par la suite, nous avons réalisé un tour d’horizon des solutions existantes pour gérer les dossiers documentaires. Ce panorama présente aussi bien des solutions imprimées qu'informatiques. Pour chacune d’entre elles, nous nous sommes appliquées à décrire leurs avantages et limites. Nous avons également évoqué la possibilité de leur application à la Bibliothèque du Léman, afin de choisir celle qui sera la plus adaptée. Au terme de cette réflexion, nous avons opté pour une solution informatique. Cette dernière a été réalisée sur la base d’une plateforme Netvibes, dans laquelle nous avons intégré le gestionnaire de liens del.icio.us. La dernière partie de notre travail est consacrée à l’élaboration d’un échantillon sur la base de cette solution. La plateforme Netvibes contient des informations générales sur la Bibliothèque du Léman, le catalogue, des flux RSS, ainsi que la page del.icio.us contenant les dossiers documentaires. Enfin, nous avons formulé des recommandations et réalisé un guide pratique, afin que les bibliothécaires puissent se familiariser rapidement à la solution choisie.</subfield>
  </datafield>
  <datafield tag="700" ind1=" " ind2=" ">
    <subfield code="a">Philippoz, Elodie</subfield>
  </datafield>
  <datafield tag="700" ind1=" " ind2=" ">
    <subfield code="a">Rezzonico, Ariane</subfield>
    <subfield code="e">Dir.</subfield>
  </datafield>
  <datafield tag="856" ind1="4" ind2=" ">
    <subfield code="f">td_dossiers_documentaires_revisites.pdf</subfield>
    <subfield code="q">application/pdf</subfield>
    <subfield code="s">2454951</subfield>
    <subfield code="u">http://doc.rero.ch/record/11277/files/td_dossiers_documentaires_revisites.pdf</subfield>
    <subfield code="y">order:1</subfield>
    <subfield code="z">Texte intégral</subfield>
  </datafield>
  <datafield tag="918" ind1=" " ind2=" ">
    <subfield code="a">Haute école de gestion de Genève</subfield>
    <subfield code="c">Information documentaire</subfield>
    <subfield code="b">Campus de Battelle, Bâtiment F, 7 route de Drize, 1227 Carouge</subfield>
  </datafield>
  <datafield tag="919" ind1=" " ind2=" ">
    <subfield code="a">Haute école de gestion de Genève</subfield>
    <subfield code="b">Genève</subfield>
    <subfield code="d">doc.support@rero.ch</subfield>
  </datafield>
  <datafield tag="980" ind1=" " ind2=" ">
    <subfield code="a">DISSERTATION</subfield>
    <subfield code="b">HEGGE</subfield>
    <subfield code="f">DISS_BACHELOR</subfield>
  </datafield>
  <datafield tag="990" ind1=" " ind2=" ">
    <subfield code="a">20090119142924-GD</subfield>
  </datafield>
</record>