
<record>
  <controlfield tag="001">11275</controlfield>
  <controlfield tag="005">20130225121956.0</controlfield>
  <datafield tag="024" ind1="8" ind2=" ">
    <subfield code="a">oai:doc.rero.ch:20090119144830-EK</subfield>
    <subfield code="p">dissertation</subfield>
    <subfield code="p">rero_explore</subfield>
    <subfield code="z">cdu1</subfield>
    <subfield code="z">preprint</subfield>
    <subfield code="z">hegge</subfield>
    <subfield code="z">cdu16</subfield>
    <subfield code="z">journal</subfield>
    <subfield code="z">book</subfield>
    <subfield code="z">cdu02</subfield>
    <subfield code="z">thesis</subfield>
    <subfield code="z">report</subfield>
    <subfield code="z">thesis_urn</subfield>
    <subfield code="z">cdu34</subfield>
    <subfield code="z">postprint</subfield>
  </datafield>
  <datafield tag="041" ind1=" " ind2=" ">
    <subfield code="a">fre</subfield>
  </datafield>
  <datafield tag="080" ind1=" " ind2=" ">
    <subfield code="a">02</subfield>
  </datafield>
  <datafield tag="100" ind1=" " ind2=" ">
    <subfield code="a">Dick, Séverine</subfield>
  </datafield>
  <datafield tag="245" ind1=" " ind2=" ">
    <subfield code="9">fre</subfield>
    <subfield code="a">Les seniors et la lecture à Delémont</subfield>
  </datafield>
  <datafield tag="300" ind1=" " ind2=" ">
    <subfield code="a">107 p.</subfield>
  </datafield>
  <datafield tag="502" ind1=" " ind2=" ">
    <subfield code="9">2008</subfield>
    <subfield code="a">Mémoire de bachelor : Haute école de gestion de Genève, 2008 ; TDB 2054</subfield>
  </datafield>
  <datafield tag="520" ind1=" " ind2=" ">
    <subfield code="9">fre</subfield>
    <subfield code="a">Aujourd’hui, le vieillissement de la population conduit à s’interroger sur la présence des personnes âgées en bibliothèque. La Bibliothèque de la Ville de Delémont (ci-après dénommée BVD) souhaite mener une réflexion autour de la personne âgée, des relations de celle-ci avec la lecture et la Bibliothèque. Elle aimerait explorer les meilleurs moyens de mettre en contact cette tranche d’âge avec la lecture et d’améliorer ses services envers ce public. Elle voudrait aussi découvrir quelles sont les particularités des seniors en ce qui concerne la demande sociale, culturelle, documentaire, en quoi diffèrent leurs usages de la bibliothèque et quelles sont leurs pratiques et motivations de lecture. Les objectifs de mon travail sont, tout d’abord, de définir le public cible ; de connaître les attentes et satisfactions des utilisateurs ; d’analyser l’existant interne et externe de la BVD ; de recueillir des informations d’autres services existant en Europe et dans les pays anglo-saxons ; de réaliser des entretiens avec des institutions menant des actions auprès des seniors ; de trouver des améliorations originales pour mettre en valeur la lecture avec ce type de public ; de rédiger un catalogue de propositions adapté à l’environnement de la Bibliothèque et de mettre en place quelques propositions. Le catalogue est l’aboutissement des différentes phases du projet, qui sera suivi par une phase concrète de réalisation des propositions. Le travail s’est déroulé en cinq étapes, réalisées selon un calendrier précis. Tout d’abord, le mandat a été clarifié et les objectifs définis sous la forme d’un cahier des charges. Puis l’étape 2, intitulé « état des lieux » m’a permis de définir le terme « personnes âgées ». J’ai également identifié le public senior de la BVD par les statistiques, l’environnement interne de la Bibliothèque (services et collections), ainsi que son environnement externe (activités et habitudes des personnes âgées à Delémont, services offerts par d’autres bibliothèques et associations dans le Jura et le Jura bernois). L’étape 3 m’a ensuite amenée à réaliser une collecte d’informations, à partir de laquelle j’ai dressé un inventaire des pratiques déjà existantes en bibliothèque en Europe, en Amérique du Nord et en Australie. J’ai étudié en particulier les nouveaux outils et technologies facilitant la lecture pour les seniors (livres électroniques, «iPod», «podcast»). J’ai également organisé des entretiens pour compléter mes recherches. Cette étape a été aussi marquée par la réalisation d’un questionnaire destiné aux lecteurs de la BVD âgés de 60 ans et plus. Le taux de participation s’est monté à un peu plus de 41 %. Ces résultats m’ont été d’une grande aide dans le choix des propositions du catalogue. La quatrième étape a consisté à décliner les objectifs généraux de départ en objectifs spécifiques. Mon calendrier a été réajusté, afin d’y intégrer les nouveaux objectifs. La dernière étape a été la rédaction du catalogue de propositions. Douze de celles-ci ont résulté des étapes précédentes et touchent différents domaines. Il s’agit, par exemple, de l’amélioration de l’accès extérieur et intérieur à la Bibliothèque, de l’élargissement de ses horaires, de mise en place d’activités intergénérationnelles ou d’un atelier de lecture. Afin de promouvoir les collections de la BVD, deux projets ont été réalisés autour de la mise en valeur d’ouvrages, ainsi que du développement du secteur de documents en grands caractères. Comme près de la moitié des utilisateurs seniors de la BVD utilisent Internet et ont des ordinateurs à la maison, et afin d’adapter la collection aux nouvelles technologies, j’ai développé un projet pour donner accès au contenu numérisé. Un autre projet, quant à lui, permettra d’initier les seniors aux futurs services en ligne de la Bibliothèque. De plus, certaines personnes ne peuvent plus se déplacer. Il est important qu’elles ne se retrouvent pas en marge de la société, les projets de portage à domicile et de lecture à domicile ont donc été analysés. Le dernier projet consiste à concevoir un plan marketing, afin de réaliser de la publicité hors les murs des futurs services. La phase pratique a permis l’achat de nouveaux documents en grands caractères, ainsi que la mise en valeur d’ouvrages sur la vieillesse par le biais d’une bibliographie intitulée « Regards sur la vieillesse ». Un « mini » projet documentaire a été réalisé à l’intention des agrégateurs de contenus donnant accès à des documents électroniques. En cours de route, j’ai décidé de réaliser une exposition sur la lecture et les seniors, afin de créer une dynamique autour de mon travail et de remercier les seniors d’y avoir participé. En conclusion, ce travail a été très enrichissant pour moi. J’ai appris à mener seule un projet du début à la fin en mettant en pratique les connaissances théoriques acquises tout au long de ma formation. De plus, cela m’a permis de rencontrer de nombreuses personnes, dont les témoignages m’ont beaucoup aidé.</subfield>
  </datafield>
  <datafield tag="700" ind1=" " ind2=" ">
    <subfield code="a">Gorin, Michel</subfield>
    <subfield code="e">Dir.</subfield>
  </datafield>
  <datafield tag="856" ind1="4" ind2=" ">
    <subfield code="f">Seniors_Lecture_Dick_Severine_0908.pdf</subfield>
    <subfield code="q">application/pdf</subfield>
    <subfield code="s">588816</subfield>
    <subfield code="u">http://doc.rero.ch/record/11275/files/Seniors_Lecture_Dick_Severine_0908.pdf</subfield>
    <subfield code="y">order:1</subfield>
    <subfield code="z">Texte intégral</subfield>
  </datafield>
  <datafield tag="918" ind1=" " ind2=" ">
    <subfield code="a">Haute école de gestion de Genève</subfield>
    <subfield code="c">Information documentaire</subfield>
    <subfield code="b">Campus de Battelle, Bâtiment F, 7 route de Drize, 1227 Carouge</subfield>
  </datafield>
  <datafield tag="919" ind1=" " ind2=" ">
    <subfield code="a">Haute école de gestion de Genève</subfield>
    <subfield code="b">Genève</subfield>
    <subfield code="d">doc.support@rero.ch</subfield>
  </datafield>
  <datafield tag="980" ind1=" " ind2=" ">
    <subfield code="a">DISSERTATION</subfield>
    <subfield code="b">HEGGE</subfield>
    <subfield code="f">DISS_BACHELOR</subfield>
  </datafield>
  <datafield tag="990" ind1=" " ind2=" ">
    <subfield code="a">20090119144830-EK</subfield>
  </datafield>
</record>