
<record>
  <controlfield tag="001">11274</controlfield>
  <controlfield tag="005">20130225121956.0</controlfield>
  <datafield tag="024" ind1="8" ind2=" ">
    <subfield code="a">oai:doc.rero.ch:20090119145941-UD</subfield>
    <subfield code="p">dissertation</subfield>
    <subfield code="p">rero_explore</subfield>
    <subfield code="z">cdu1</subfield>
    <subfield code="z">preprint</subfield>
    <subfield code="z">hegge</subfield>
    <subfield code="z">cdu16</subfield>
    <subfield code="z">journal</subfield>
    <subfield code="z">book</subfield>
    <subfield code="z">cdu02</subfield>
    <subfield code="z">thesis</subfield>
    <subfield code="z">report</subfield>
    <subfield code="z">thesis_urn</subfield>
    <subfield code="z">cdu34</subfield>
    <subfield code="z">postprint</subfield>
  </datafield>
  <datafield tag="041" ind1=" " ind2=" ">
    <subfield code="a">fre</subfield>
  </datafield>
  <datafield tag="080" ind1=" " ind2=" ">
    <subfield code="a">02</subfield>
  </datafield>
  <datafield tag="100" ind1=" " ind2=" ">
    <subfield code="a">Crettenand, Anne-Valérie</subfield>
  </datafield>
  <datafield tag="245" ind1=" " ind2=" ">
    <subfield code="9">fre</subfield>
    <subfield code="a">Etude des critères de choix pour la réorganisation et l'acquisition de bandes dessinées et mangas dans le secteur jeunesse</subfield>
  </datafield>
  <datafield tag="300" ind1=" " ind2=" ">
    <subfield code="a">78 p.</subfield>
  </datafield>
  <datafield tag="502" ind1=" " ind2=" ">
    <subfield code="9">2008</subfield>
    <subfield code="a">Mémoire de bachelor : Haute école de gestion de Genève, 2008 ; TDB 2053</subfield>
  </datafield>
  <datafield tag="520" ind1=" " ind2=" ">
    <subfield code="9">fre</subfield>
    <subfield code="a">Madame Françoise Wicht, qui est responsable de la Bibliothèque communale de Versoix m’a mandatée pour ce travail, afin que soit rédigé, dans un premier temps, une liste de critères de choix pour les bandes dessinées et mangas, par catégorie d’âge. Ces critères ont ensuite servi à la réorganisation des fonds de bandes dessinées du secteur des jeunes et de celui des adultes, afin d’en créer un spécifique aux adolescents. La réorganisation du fonds a été complétée par l’achat de bandes dessinées et mangas. J’ai également imaginé des concepts de valorisation du fonds. Dans ce présent mémoire, j’explique d’abord mon mandat ainsi que mes objectifs, puis je présente l’institution pour laquelle je l’ai réalisé. Vient ensuite la partie collecte d’information, avec un aperçu de la psychologie des adolescents, ainsi que leur rapport à la lecture et à la Bibliothèque, des informations sur les bandes dessinées et les mangas ; et aussi un résumé des différentes visites effectuées. Je poursuis avec ma méthode de travail et ses différentes étapes, ainsi que par la conclusion.</subfield>
  </datafield>
  <datafield tag="700" ind1=" " ind2=" ">
    <subfield code="a">Deschamps, Jacqueline</subfield>
    <subfield code="e">Dir.</subfield>
  </datafield>
  <datafield tag="856" ind1="4" ind2=" ">
    <subfield code="f">_Anne-Val_rie_Crettenand-_Travail_de_Bachelor_.pdf</subfield>
    <subfield code="q">application/pdf</subfield>
    <subfield code="s">1480464</subfield>
    <subfield code="u">http://doc.rero.ch/record/11274/files/_Anne-Val_rie_Crettenand-_Travail_de_Bachelor_.pdf</subfield>
    <subfield code="y">order:1</subfield>
    <subfield code="z">Texte intégral</subfield>
  </datafield>
  <datafield tag="918" ind1=" " ind2=" ">
    <subfield code="a">Haute école de gestion de Genève</subfield>
    <subfield code="c">Information documentaire</subfield>
    <subfield code="b">Campus de Battelle, Bâtiment F, 7 route de Drize, 1227 Carouge</subfield>
  </datafield>
  <datafield tag="919" ind1=" " ind2=" ">
    <subfield code="a">Haute école de gestion de Genève</subfield>
    <subfield code="b">Genève</subfield>
    <subfield code="d">doc.support@rero.ch</subfield>
  </datafield>
  <datafield tag="980" ind1=" " ind2=" ">
    <subfield code="a">DISSERTATION</subfield>
    <subfield code="b">HEGGE</subfield>
    <subfield code="f">DISS_BACHELOR</subfield>
  </datafield>
  <datafield tag="990" ind1=" " ind2=" ">
    <subfield code="a">20090119145941-UD</subfield>
  </datafield>
</record>