
<record>
  <controlfield tag="001">11273</controlfield>
  <controlfield tag="005">20130225121956.0</controlfield>
  <datafield tag="024" ind1="8" ind2=" ">
    <subfield code="a">oai:doc.rero.ch:20090119151447-LX</subfield>
    <subfield code="p">dissertation</subfield>
    <subfield code="p">rero_explore</subfield>
    <subfield code="z">cdu1</subfield>
    <subfield code="z">preprint</subfield>
    <subfield code="z">hegge</subfield>
    <subfield code="z">cdu16</subfield>
    <subfield code="z">journal</subfield>
    <subfield code="z">book</subfield>
    <subfield code="z">cdu02</subfield>
    <subfield code="z">thesis</subfield>
    <subfield code="z">report</subfield>
    <subfield code="z">thesis_urn</subfield>
    <subfield code="z">cdu34</subfield>
    <subfield code="z">postprint</subfield>
  </datafield>
  <datafield tag="041" ind1=" " ind2=" ">
    <subfield code="a">ger</subfield>
  </datafield>
  <datafield tag="080" ind1=" " ind2=" ">
    <subfield code="a">02</subfield>
  </datafield>
  <datafield tag="100" ind1=" " ind2=" ">
    <subfield code="a">Christe, Lucien</subfield>
  </datafield>
  <datafield tag="245" ind1=" " ind2=" ">
    <subfield code="9">ger</subfield>
    <subfield code="a">Die Zukunft der öffentlichen Bibliotheken iin der Schweiz</subfield>
    <subfield code="b">die Bibliothek als eine Non-Profit-Organisation geführt nach New Public Management</subfield>
  </datafield>
  <datafield tag="300" ind1=" " ind2=" ">
    <subfield code="a">124 p.</subfield>
  </datafield>
  <datafield tag="502" ind1=" " ind2=" ">
    <subfield code="9">2008</subfield>
    <subfield code="a">Mémoire de bachelor : Haute école de gestion de Genève, 2008 ; TDB 2052</subfield>
  </datafield>
  <datafield tag="520" ind1=" " ind2=" ">
    <subfield code="9">fre</subfield>
    <subfield code="a">Le new public management, plus communément connu, en français, sous l’appellation de nouveau management public, en allemand, de Öffentliche Reformverwaltung ou chez les Alémaniques de Wirkungsorientierte Verwaltungsführung est une « philosophie » managériale apparue chez les anglo-saxons au cours des années 70 et appliquée par certains pays dès le début des années 80. Le new public management soutient l’idée qu’une modernisation et une évolution des services de l’État inspirées du fonctionnement des entreprises privées est indispensable. Les théoriciens du new public management insistent notamment sur la nécessité d’un service public orienté vers les besoins et les demandes des usagers, à savoir des citoyens. Les buts finaux que ce système tend à atteindre sont l’amélioration des services et la baisse des dépenses, soit une efficience accrue. Les bibliothèques sont parmi les secteurs publics les plus soucieux des besoins de leurs utilisateurs. C’est ainsi tout naturellement qu’elles se sont intéressées aux enseignements du new public management. Cette démarche n’est cependant pas aisée. En effet, on ne transforme pas un service, une administration, un État en sanctuaire du new public management du jour au lendemain ; pas plus qu’on ne convertit une bibliothèque en temple du nouveau management public comme on change de machine à café. Il s’agit, comme précisé plus haut, d’une authentique « philosophie » managériale abordée selon de grands axes. Il n’existe pas une seule et unique interprétation du new public management mais plutôt d’innombrables applications plus au moins vigoureuses selon les États. Il est aussi utopique que présomptueux de prétendre rédiger un manuel d’application du new public management aux bibliothèques suisses. Notre travail aborde simplement le sujet à l’aune de quatre thèmes issus du nouveau management public et jugés utiles au monde bibliothéconomique, à savoir le marketing, les nouveaux canaux de financement, le benchmarking ainsi que la coopération inter bibliothèques. Nous espérons pouvoir modestement contribuer aux révolutions qui agitent les bibliothèques suisses aujourd’hui en suggérant quelques pistes de réflexions liées aux quatre questions susdites. Enfin, le lecteur notera qu’il s’agit d’un travail collaboratif bilingue, qu’il nous plaît de considérer comme une invite au rapprochement entre institutions alémaniques et romandes.</subfield>
  </datafield>
  <datafield tag="520" ind1=" " ind2=" ">
    <subfield code="9">ger</subfield>
    <subfield code="a">Das New Public Management, im Deutschen bekannt unter dem Begriff Öffentliche Reformverwaltung und in der Schweiz unter Wirkungsorientierte Verwaltungsführung, ist eine „Philosophie“ aus der Welt des Managements. Der Begriff entstand in den 70er Jahren im englischsprachigen Raum und kam anfangs der 80er Jahre auch in anderen Ländern zur Anwendung. Das New Public Management unterstützt die These, dass die Modernisierung und die Entwicklung der Dienstleistungen des Staates unumgänglich sind und dass sich eine Beeinflussung durch unternehmerische Funktionen nur positiv auswirken kann. Die Theorie des New Public Management besteht aber auch auf der Tatsache, dass es notwendig ist eine öffentliche Dienstleistung auf die Bedürfnisse und das Verlangen der Benutzer bzw. der Bürger auszurichten. Dieses Systems zielt darauf ab die Dienstleistungen zu verbessern und die Kosten zu senken. Die Bibliotheken sind, im öffentlichen Sektor, diese Institutionen, die am meisten auf die Bedürfnisse ihrer Benutzer bedacht sind. Das Interesse am New Public Management ist somit unabdingbar aber dennoch nicht erzwungen. Allerdings ist es nicht möglich eine Dienstleistung, eine Verwaltung oder den Staat von heute auf morgen auf die Funktionen des New Public Management umzustellen, genau so wenig ist dies bei einer Bibliothek möglich. Es handelt sich, wie schon erwähnt, um eine Manager-Philosophie, welche keine einheitliche Interpretation zulässt, sondern zahlreiche, mehr oder weniger, solide Ansätze hervorgebracht hat. Es ist auch utopisch wenn nicht gar anmassend ein Handbuch für New Public Management in Bibliotheken in der Schweiz zu erstellen. Diese Arbeit hat daher das Ziel vier Richtungen des New Public Management, die nützlich für die Bibliothekswelt scheinen, zu beleuchten und mit deren Hilfe an das Thema heranzugehen. Es handelt sich dabei um die Öffentlichkeitsarbeit, neue Kanäle der Finanzierung, das Benchmarking und die Kooperation unter den Bibliotheken. Man versucht die Veränderungen, welche die Schweizer Bibliotheken bewegen, zu erfassen und einen Beitrag zu leisten, anhand von Vorschlägen und Überlegungen, welche zu den vier oben genannten Fragen gemacht werden. Es handelt sich um eine zweisprachige Gruppenarbeit, die eventuell der Annäherung der Westschweizer und der Deutschschweizer Institutionen dienen kann.</subfield>
  </datafield>
  <datafield tag="700" ind1=" " ind2=" ">
    <subfield code="a">Gloor, Simone</subfield>
  </datafield>
  <datafield tag="700" ind1=" " ind2=" ">
    <subfield code="a">Gorin, Michel</subfield>
    <subfield code="e">Dir.</subfield>
  </datafield>
  <datafield tag="856" ind1="4" ind2=" ">
    <subfield code="f">TRAVAIL_DE_BACHELOR_Christe_et_Gloor.pdf</subfield>
    <subfield code="q">application/pdf</subfield>
    <subfield code="s">733193</subfield>
    <subfield code="u">http://doc.rero.ch/record/11273/files/TRAVAIL_DE_BACHELOR_Christe_et_Gloor.pdf</subfield>
    <subfield code="y">order:1</subfield>
    <subfield code="z">Texte intégral</subfield>
  </datafield>
  <datafield tag="918" ind1=" " ind2=" ">
    <subfield code="a">Haute école de gestion de Genève</subfield>
    <subfield code="c">Information documentaire</subfield>
    <subfield code="b">Campus de Battelle, Bâtiment F, 7 route de Drize, 1227 Carouge</subfield>
  </datafield>
  <datafield tag="919" ind1=" " ind2=" ">
    <subfield code="a">Haute école de gestion de Genève</subfield>
    <subfield code="b">Genève</subfield>
    <subfield code="d">doc.support@rero.ch</subfield>
  </datafield>
  <datafield tag="980" ind1=" " ind2=" ">
    <subfield code="a">DISSERTATION</subfield>
    <subfield code="b">HEGGE</subfield>
    <subfield code="f">DISS_BACHELOR</subfield>
  </datafield>
  <datafield tag="990" ind1=" " ind2=" ">
    <subfield code="a">20090119151447-LX</subfield>
  </datafield>
</record>