
<record>
  <controlfield tag="001">10749</controlfield>
  <controlfield tag="005">20130211173716.0</controlfield>
  <datafield tag="024" ind1="8" ind2=" ">
    <subfield code="a">oai:doc.rero.ch:20081125144854-GN</subfield>
    <subfield code="p">dissertation</subfield>
    <subfield code="z">cdu1</subfield>
    <subfield code="z">preprint</subfield>
    <subfield code="z">postprint</subfield>
    <subfield code="z">cdu16</subfield>
    <subfield code="z">journal</subfield>
    <subfield code="z">report</subfield>
    <subfield code="z">hetsge</subfield>
    <subfield code="z">book</subfield>
    <subfield code="z">thesis</subfield>
    <subfield code="z">cdu376</subfield>
    <subfield code="z">thesis_urn</subfield>
    <subfield code="z">cdu34</subfield>
  </datafield>
  <datafield tag="035" ind1=" " ind2=" ">
    <subfield code="a">R004706640</subfield>
  </datafield>
  <datafield tag="041" ind1=" " ind2=" ">
    <subfield code="a">fre</subfield>
  </datafield>
  <datafield tag="080" ind1=" " ind2=" ">
    <subfield code="a">376</subfield>
  </datafield>
  <datafield tag="100" ind1=" " ind2=" ">
    <subfield code="a">Delaborde, Peggy</subfield>
  </datafield>
  <datafield tag="245" ind1=" " ind2=" ">
    <subfield code="9">fre</subfield>
    <subfield code="a">Du couple homosexuel à l'homoparentalité</subfield>
    <subfield code="b">les difficultés que les couples lesbiens rencontrent dans la réalisation de leur projet parental</subfield>
  </datafield>
  <datafield tag="300" ind1=" " ind2=" ">
    <subfield code="a">137 p.</subfield>
  </datafield>
  <datafield tag="502" ind1=" " ind2=" ">
    <subfield code="9">2008</subfield>
    <subfield code="a">Mémoire de diplôme HES : Haute école de travail social de Genève, 2008</subfield>
  </datafield>
  <datafield tag="520" ind1=" " ind2=" ">
    <subfield code="9">fre</subfield>
    <subfield code="a">En 2000, l’interdiction de toute discrimination en raison du mode de vie d’une personne, inscrite dans la Constitution fédérale de la Confédération suisse, constitue une étape importante dans la reconnaissance de la personne homosexuelle. Cinq ans plus tard, la loi sur le partenariat enregistré (LPart) est approuvée par 58% des voix, offrant aux couples homosexuels un statut légal. Cependant, il est clairement stipulé dans la LPart que ces couples n’ont pas accès à la parentalité, ni à travers l’adoption, ni par la Procréation Médicalement Assistée (PMA). Pourtant, la famille homoparentale constitue une forme de famille de plus en plus visible. Nous nous sommes alors questionnées sur la manière dont les couples homosexuels, et plus spécifiquement dans ce travail les couples lesbiens, ont concrétisé leur projet parental. Nos interrogations se sont portées sur les difficultés que ces couples de femmes ont rencontrées et les stratégies qu’ils ont développées pour les surmonter. Nous avons ainsi rencontré trois couples d’homoparents afin de les interroger sur ces difficultés, mais aussi sur les divers questionnements qu’ils ont pu avoir, en lien avec leur situation familiale atypique. Car la diversité des formes familiales actuelle ne garantit pas pour autant à la famille homoparentale une pleine reconnaissance sociale. La société et le droit continuent de nier leur existence en les privant d’un statut légal et donc de droits en tant que parents, déniant par là même aux enfants le droit d’avoir un parent social reconnu. Pourtant, les familles homoparentales continuent à se former malgré tous ces obstacles.</subfield>
  </datafield>
  <datafield tag="695" ind1=" " ind2=" ">
    <subfield code="9">fre</subfield>
    <subfield code="a">couple ; homosexuelle ; homosexualité ; parentalité ; représentation sociale</subfield>
  </datafield>
  <datafield tag="700" ind1=" " ind2=" ">
    <subfield code="a">Lavanchy, Candice</subfield>
  </datafield>
  <datafield tag="700" ind1=" " ind2=" ">
    <subfield code="a">Anderfuhren, Marie</subfield>
    <subfield code="e">Dir.</subfield>
  </datafield>
  <datafield tag="856" ind1="4" ind2=" ">
    <subfield code="f">Memoire_Delaborde_Lavanchy.pdf</subfield>
    <subfield code="q">application/pdf</subfield>
    <subfield code="s">938839</subfield>
    <subfield code="u">http://doc.rero.ch/record/10749/files/Memoire_Delaborde_Lavanchy.pdf</subfield>
    <subfield code="y">order:1</subfield>
    <subfield code="z">Texte intégral</subfield>
  </datafield>
  <datafield tag="918" ind1=" " ind2=" ">
    <subfield code="c">Filière en éducation sociale</subfield>
  </datafield>
  <datafield tag="919" ind1=" " ind2=" ">
    <subfield code="a">Haute école de travail social de Genève</subfield>
    <subfield code="b">Genève</subfield>
    <subfield code="d">doc.support@rero.ch</subfield>
  </datafield>
  <datafield tag="980" ind1=" " ind2=" ">
    <subfield code="a">DISSERTATION</subfield>
    <subfield code="b">HETSGE</subfield>
    <subfield code="f">DISS_BACHELOR</subfield>
  </datafield>
  <datafield tag="990" ind1=" " ind2=" ">
    <subfield code="a">20081125144854-GN</subfield>
  </datafield>
</record>