
<record>
  <controlfield tag="001">10748</controlfield>
  <controlfield tag="005">20130211173716.0</controlfield>
  <datafield tag="024" ind1="8" ind2=" ">
    <subfield code="a">oai:doc.rero.ch:20081125143943-SY</subfield>
    <subfield code="p">dissertation</subfield>
    <subfield code="z">cdu1</subfield>
    <subfield code="z">preprint</subfield>
    <subfield code="z">postprint</subfield>
    <subfield code="z">cdu16</subfield>
    <subfield code="z">journal</subfield>
    <subfield code="z">hetsge</subfield>
    <subfield code="z">book</subfield>
    <subfield code="z">thesis</subfield>
    <subfield code="z">report</subfield>
    <subfield code="z">cdu36</subfield>
    <subfield code="z">thesis_urn</subfield>
    <subfield code="z">cdu34</subfield>
  </datafield>
  <datafield tag="035" ind1=" " ind2=" ">
    <subfield code="a">R004770487</subfield>
  </datafield>
  <datafield tag="041" ind1=" " ind2=" ">
    <subfield code="a">fre</subfield>
  </datafield>
  <datafield tag="080" ind1=" " ind2=" ">
    <subfield code="a">36</subfield>
  </datafield>
  <datafield tag="100" ind1=" " ind2=" ">
    <subfield code="a">Abdullah-Khel, Ferough</subfield>
  </datafield>
  <datafield tag="245" ind1=" " ind2=" ">
    <subfield code="9">fre</subfield>
    <subfield code="a">La transmission des valeurs dans le rapport entre des mères afghanes et leurs filles</subfield>
    <subfield code="b">le cas des choix matrimoniaux et professionnels</subfield>
  </datafield>
  <datafield tag="300" ind1=" " ind2=" ">
    <subfield code="a">171 p.</subfield>
  </datafield>
  <datafield tag="502" ind1=" " ind2=" ">
    <subfield code="9">2008</subfield>
    <subfield code="a">Mémoire de diplôme HES : Haute école de travail social de Genève, 2008</subfield>
  </datafield>
  <datafield tag="520" ind1=" " ind2=" ">
    <subfield code="9">fre</subfield>
    <subfield code="a">Ce travail de recherche explore la question de la transmission des valeurs dans la relation mère-fille dans un contexte d’immigration. Les projets matrimoniaux et professionnels étudiés dans ce contexte représentent des choix cruciaux au sens où ils révèlent, selon Boris Cyrulnik « le thème de notre existence ». C’est parce que ces choix ne sont pas dus au hasard mais réfléchis qu’il devient intéressant de penser la question de la transmission en lien avec la dimension interculturelle. Notre projet était donc de comprendre l’impact de la culture d’origine à partir de la trajectoire de quatre mères et de six jeunes femmes entre 18 et 28 ans par une méthode d’entretiens biographiques. L’objectif poursuivi était de saisir les diverses influences qui pèsent sur les choix matrimoniaux et professionnels, qu’il s’agisse de l’influence de l’Islam ou du vécu spécifique des mères au cours de leur existence passée dans le pays d’origine. Les témoignages recueillis nous ont montré toute la complexité des éléments qui entrent en jeu dans le rapport mère-fille, autour des choix matrimoniaux et professionnels, comme révélateurs des attentes des unes et des autres. En effet, quelles seront les attentes des mères qui ont quitté leur pays, soit durant l’invasion soviétique, soit durant la guerre interne en Afghanistan, contraintes de délaisser leurs famille, amis, travail ou études pour partir en exil, par rapport à la trajectoire affective et professionnelle de leur fille ? Comment mères et filles vont-elles réagir face à un choc de valeurs entre une société traditionnelle où la famille élargie conserve un pouvoir important par rapport à la société suisse et genevoise, où les choix sont supposés dépendre des personnes elles-mêmes ?  Sans prétendre offrir des réponses précises à ces questions complexes, notre mémoire a permis de transmettre une photographie en nuances de ce rapport mère-fille coloré par l’expérience de l’immigration qui, nous l’espérons, intéressera tous ceux qui auront à travailler avec une population de migrants.</subfield>
  </datafield>
  <datafield tag="695" ind1=" " ind2=" ">
    <subfield code="9">fre</subfield>
    <subfield code="a">choix professionnel ; culture - influence exercée ; imigrée afghane ; fille ; mère ; relation (psychologie) ; tradition ; Afghanistan ; Suisse</subfield>
  </datafield>
  <datafield tag="700" ind1=" " ind2=" ">
    <subfield code="a">Wernli, Vincent</subfield>
  </datafield>
  <datafield tag="700" ind1=" " ind2=" ">
    <subfield code="a">Voélin, Sabine</subfield>
    <subfield code="e">Dir.</subfield>
  </datafield>
  <datafield tag="856" ind1="4" ind2=" ">
    <subfield code="f">Memoire_AbdullahKhel_Wernli.pdf</subfield>
    <subfield code="q">application/pdf</subfield>
    <subfield code="s">740182</subfield>
    <subfield code="u">http://doc.rero.ch/record/10748/files/Memoire_AbdullahKhel_Wernli.pdf</subfield>
    <subfield code="y">order:1</subfield>
    <subfield code="z">Texte intégral</subfield>
  </datafield>
  <datafield tag="918" ind1=" " ind2=" ">
    <subfield code="c">Filière en service social</subfield>
  </datafield>
  <datafield tag="919" ind1=" " ind2=" ">
    <subfield code="a">Haute école de travail social de Genève</subfield>
    <subfield code="b">Genève</subfield>
    <subfield code="d">doc.support@rero.ch</subfield>
  </datafield>
  <datafield tag="980" ind1=" " ind2=" ">
    <subfield code="a">DISSERTATION</subfield>
    <subfield code="b">HETSGE</subfield>
    <subfield code="f">DISS_BACHELOR</subfield>
  </datafield>
  <datafield tag="990" ind1=" " ind2=" ">
    <subfield code="a">20081125143943-SY</subfield>
  </datafield>
</record>