
<record>
  <controlfield tag="001">10747</controlfield>
  <controlfield tag="005">20130211173716.0</controlfield>
  <datafield tag="024" ind1="8" ind2=" ">
    <subfield code="a">oai:doc.rero.ch:20081125142817-XV</subfield>
    <subfield code="p">dissertation</subfield>
    <subfield code="z">cdu1</subfield>
    <subfield code="z">preprint</subfield>
    <subfield code="z">postprint</subfield>
    <subfield code="z">cdu16</subfield>
    <subfield code="z">journal</subfield>
    <subfield code="z">hetsge</subfield>
    <subfield code="z">book</subfield>
    <subfield code="z">thesis</subfield>
    <subfield code="z">report</subfield>
    <subfield code="z">cdu36</subfield>
    <subfield code="z">thesis_urn</subfield>
    <subfield code="z">cdu34</subfield>
  </datafield>
  <datafield tag="035" ind1=" " ind2=" ">
    <subfield code="a">R004690085</subfield>
  </datafield>
  <datafield tag="041" ind1=" " ind2=" ">
    <subfield code="a">fre</subfield>
  </datafield>
  <datafield tag="080" ind1=" " ind2=" ">
    <subfield code="a">36</subfield>
  </datafield>
  <datafield tag="100" ind1=" " ind2=" ">
    <subfield code="a">Damba, Rachel</subfield>
  </datafield>
  <datafield tag="245" ind1=" " ind2=" ">
    <subfield code="9">fre</subfield>
    <subfield code="a">Liberté, égalité, féminité</subfield>
    <subfield code="b">les enjeux de la construction identitaire adolescente face aux inégalités de genre</subfield>
  </datafield>
  <datafield tag="300" ind1=" " ind2=" ">
    <subfield code="a">133 p.</subfield>
  </datafield>
  <datafield tag="502" ind1=" " ind2=" ">
    <subfield code="9">2008</subfield>
    <subfield code="a">Mémoire de diplôme HES : Haute école de travail social de Genève, 2008</subfield>
  </datafield>
  <datafield tag="520" ind1=" " ind2=" ">
    <subfield code="9">fre</subfield>
    <subfield code="a">Les acquis sociaux en matière d’égalité des sexes, fruit des luttes et revendications féministes sont manifestes. Malgré l’évolution du statut des femmes, il n’en demeure pas moins qu’à l’heure actuelle, les inégalités de genre persistent. D’ailleurs le système sexiste n’épargne pas les jeunes filles, mais concrètement, quelles sont les répercussions de ces inégalités sur la construction identitaire et la vie sociale des adolescentes ? Pour tenter de répondre à cette question, la recherche menée s’est attachée aux récits de neuf adolescentes âgées de 15 à 18 ans habitant le quartier de Bellevaux situé en ville de Lausanne. Pour compléter les données et élargir les perspectives, quatre travailleurs sociaux côtoyant quotidiennement cette population ont été interrogés. Le concept maître des rapports sociaux de sexe va permettre d’analyser le contenu des dialogues rapportés. En étudiant les instances de socialisation plurielles qui concernent les jeunes filles, nous allons découvrir les conséquences de la socialisation différentielle sur la construction de leur identité féminine, sur leurs perspectives d’avenir familial et professionnel et sur les relations qu’elles peuvent entretenir avec leurs pairs ainsi qu’avec les garçons.  Ainsi, les jeunes filles semblent confinées dans des rôles et des fonctions déterminés reflétant les stéréotypes genrés en vigueur dans notre société : elles doivent conjuguer avec un principe d’égalité et une morale conservatrice véhiculant les inégalités, d’où leur difficulté de s’inscrire dans ce paradoxe. Pourtant, les adolescentes deviennent conscientes de leur condition de femmes et des inégalités genrées.  Pour nous adultes, travailleurs sociaux côtoyant ces populations, comment trouver les moyens d’exploiter cette conscience pour réenvisager les notions d’égalité ?</subfield>
  </datafield>
  <datafield tag="695" ind1=" " ind2=" ">
    <subfield code="9">fre</subfield>
    <subfield code="a">adolescente ; égalité des sexes ; groupe social défavorisé ; identité - construction ; relations hommes-femmes ; sexisme ; Lausanne (Suisse, VD)</subfield>
  </datafield>
  <datafield tag="700" ind1=" " ind2=" ">
    <subfield code="a">Perrozzi, Clélia</subfield>
    <subfield code="e">Dir.</subfield>
  </datafield>
  <datafield tag="856" ind1="4" ind2=" ">
    <subfield code="f">M_moire_Damba_R.pdf</subfield>
    <subfield code="q">application/pdf</subfield>
    <subfield code="s">544508</subfield>
    <subfield code="u">http://doc.rero.ch/record/10747/files/M_moire_Damba_R.pdf</subfield>
    <subfield code="y">order:1</subfield>
    <subfield code="z">Texte intégral</subfield>
  </datafield>
  <datafield tag="918" ind1=" " ind2=" ">
    <subfield code="c">Filière en service social</subfield>
  </datafield>
  <datafield tag="919" ind1=" " ind2=" ">
    <subfield code="a">Haute école de travail social de Genève</subfield>
    <subfield code="b">Genève</subfield>
    <subfield code="d">doc.support@rero.ch</subfield>
  </datafield>
  <datafield tag="980" ind1=" " ind2=" ">
    <subfield code="a">DISSERTATION</subfield>
    <subfield code="b">HETSGE</subfield>
    <subfield code="f">DISS_BACHELOR</subfield>
  </datafield>
  <datafield tag="990" ind1=" " ind2=" ">
    <subfield code="a">20081125142817-XV</subfield>
  </datafield>
</record>