
<record>
  <controlfield tag="001">10693</controlfield>
  <controlfield tag="005">20130225121949.0</controlfield>
  <datafield tag="024" ind1="8" ind2=" ">
    <subfield code="a">oai:doc.rero.ch:20081104103128-KU</subfield>
    <subfield code="p">rero_explore</subfield>
    <subfield code="p">postprint</subfield>
    <subfield code="z">dissertation</subfield>
    <subfield code="z">cdu1</subfield>
    <subfield code="z">preprint</subfield>
    <subfield code="z">hegge</subfield>
    <subfield code="z">cdu16</subfield>
    <subfield code="z">journal</subfield>
    <subfield code="z">book</subfield>
    <subfield code="z">cdu004</subfield>
    <subfield code="z">thesis</subfield>
    <subfield code="z">report</subfield>
    <subfield code="z">thesis_urn</subfield>
    <subfield code="z">cdu34</subfield>
  </datafield>
  <datafield tag="041" ind1=" " ind2=" ">
    <subfield code="a">eng</subfield>
  </datafield>
  <datafield tag="080" ind1=" " ind2=" ">
    <subfield code="a">004</subfield>
  </datafield>
  <datafield tag="100" ind1=" " ind2=" ">
    <subfield code="a">Varone, Sacha</subfield>
    <subfield code="u">Haute école de gestion de Genève</subfield>
  </datafield>
  <datafield tag="245" ind1=" " ind2=" ">
    <subfield code="9">eng</subfield>
    <subfield code="a">Three tabu search methods for the MI-FAP applied to 802.11 networks</subfield>
  </datafield>
  <datafield tag="269" ind1=" " ind2=" ">
    <subfield code="c">2008</subfield>
  </datafield>
  <datafield tag="520" ind1=" " ind2=" ">
    <subfield code="9">eng</subfield>
    <subfield code="a">Wireless LAN using IEEE 802.11 networks are now widely deployed at home by residential users or in hot spots by telecommunication operators. A hot spot is a place where a set of access points (APs) are located nearby each other and can serve many users. Since perturbations can degrade the quality of the signal, a careful channel assignment to each AP has to be done. Channel assignment of APs at hot spots, and more generally setup configuration and management, is still often done manually. In this paper, we consider a modeling that enables optimization of channel assignment with respect to the dynamic behavior of end-users. We prove our problem’s formulation to correspond to the Minimum Interference Frequency Assignment Problem, and hence the problem to be NP-hard. We propose and compare three different tabu search methods to solve the problem of channel assign- ment in 802.11 WLAN networks. The first one, called TabuObj, tackles the problem using directly the objective function associated with the model. The second one, called TabuApproxObj, uses a simplified and approximate objective function in order to visit more solutions during the same amount of time, i.e. to be quicker than TabuObj. The third one, called TabuLevel, is even more quicker and is based on the following philosophy: under time constraints, it could be judicious to explore very quickly lots of solutions, rather than spending much computation time for the evaluation of each solution, and hence only considering a few solutions. Those three methods are then compared based on time constraints and on the quality of their solutions.</subfield>
  </datafield>
  <datafield tag="695" ind1=" " ind2=" ">
    <subfield code="9">eng</subfield>
    <subfield code="a">WLAN ; Channel Assignment ; Coloring ; Tabu Search</subfield>
  </datafield>
  <datafield tag="700" ind1=" " ind2=" ">
    <subfield code="a">Zufferey, Nicolas</subfield>
    <subfield code="u">Université Laval, Québec</subfield>
  </datafield>
  <datafield tag="773" ind1=" " ind2=" ">
    <subfield code="t">RAIRO : operations research</subfield>
    <subfield code="g">2008/42/4/501-514</subfield>
  </datafield>
  <datafield tag="775" ind1=" " ind2=" ">
    <subfield code="o">http://www.rairo-ro.org/articles/ro/abs/2008/04/ro0803/ro0803.html</subfield>
    <subfield code="g">Version publiée</subfield>
  </datafield>
  <datafield tag="856" ind1="4" ind2=" ">
    <subfield code="f">varone_three_tabu_2008.pdf</subfield>
    <subfield code="q">application/pdf</subfield>
    <subfield code="s">189300</subfield>
    <subfield code="u">http://doc.rero.ch/record/10693/files/varone_three_tabu_2008.pdf</subfield>
    <subfield code="y">order:1</subfield>
    <subfield code="z">Texte intégral</subfield>
  </datafield>
  <datafield tag="919" ind1=" " ind2=" ">
    <subfield code="a">Haute école de gestion de Genève</subfield>
    <subfield code="b">Genève</subfield>
    <subfield code="d">doc.support@rero.ch</subfield>
  </datafield>
  <datafield tag="980" ind1=" " ind2=" ">
    <subfield code="a">POSTPRINT</subfield>
    <subfield code="b">HEGGE</subfield>
    <subfield code="f">ART_JOURNAL</subfield>
  </datafield>
  <datafield tag="990" ind1=" " ind2=" ">
    <subfield code="a">20081104103128-KU</subfield>
  </datafield>
</record>