
<record>
  <controlfield tag="001">10668</controlfield>
  <controlfield tag="005">20130605082942.0</controlfield>
  <datafield tag="024" ind1="8" ind2=" ">
    <subfield code="a">oai:doc.rero.ch:20081013110756-GM</subfield>
    <subfield code="p">report</subfield>
    <subfield code="p">cdu33</subfield>
    <subfield code="p">rero_explore</subfield>
    <subfield code="z">dissertation</subfield>
    <subfield code="z">cdu1</subfield>
    <subfield code="z">preprint</subfield>
    <subfield code="z">hegge</subfield>
    <subfield code="z">cdu16</subfield>
    <subfield code="z">journal</subfield>
    <subfield code="z">book</subfield>
    <subfield code="z">thesis</subfield>
    <subfield code="z">thesis_urn</subfield>
    <subfield code="z">cdu34</subfield>
    <subfield code="z">postprint</subfield>
  </datafield>
  <datafield tag="027" ind1=" " ind2=" ">
    <subfield code="a">N° HES-SO/HEG-GE/C--08/7/2--CH</subfield>
  </datafield>
  <datafield tag="041" ind1=" " ind2=" ">
    <subfield code="a">eng</subfield>
  </datafield>
  <datafield tag="080" ind1=" " ind2=" ">
    <subfield code="a">33</subfield>
  </datafield>
  <datafield tag="100" ind1=" " ind2=" ">
    <subfield code="a">Broillet, Alexandra</subfield>
    <subfield code="u">Haute école de gestion de Genève</subfield>
  </datafield>
  <datafield tag="245" ind1=" " ind2=" ">
    <subfield code="9">eng</subfield>
    <subfield code="a">Luxury e-services at the pre- and after-sales stages of the decision making process : watch, car, art and travel blog analysis</subfield>
    <subfield code="b">Cahier de recherche</subfield>
  </datafield>
  <datafield tag="269" ind1=" " ind2=" ">
    <subfield code="c">2008</subfield>
  </datafield>
  <datafield tag="300" ind1=" " ind2=" ">
    <subfield code="a">16</subfield>
  </datafield>
  <datafield tag="520" ind1=" " ind2=" ">
    <subfield code="9">eng</subfield>
    <subfield code="a">Needs and expectations of customers in pre- and after-sales stages in the e-commerce purchase process in the luxury products sector are not well known and defined. We were interested in discovering the opinions of customers concerning the role of internet in the pre- and after-sales stages of the purchasing process in this industry. As we are just at the beginning of the e-commerce area in the luxury sector, we decided to focus on blogs’ content. After-sales service in the luxury sector is considered with circumspection. Practitioners feel that consumers are still very much attached to the ‘physical’ experience. On the contrary, we assumed that Netsurfers belonging to net communities are also luxury goods and services consumers. According to the netnography methodology (Kozinets, 1998), we analyzed the Netsufers comments about pre- and after-sales services. We identified and selected blogs that are specific to the Web 2.0 generation; these blogs are discussing about luxury watches, cars, travels and art objects. The results permitted us to identify three categories of services needs: 1) the need for the service in broad terms, especially the service that should be linked to a product 2) the need for a specific information or a very specific service, and 3) specific complaint about service experiences. These insights were discussed to be fully integrated in the e-commerce strategy in general.</subfield>
  </datafield>
  <datafield tag="695" ind1=" " ind2=" ">
    <subfield code="9">eng</subfield>
    <subfield code="a">After-sales services ; Web 2.0 ; e-commerce ; luxury industry ; purchasing process</subfield>
  </datafield>
  <datafield tag="700" ind1=" " ind2=" ">
    <subfield code="a">Dubosson, Magali</subfield>
    <subfield code="u">Haute école de gestion de Genève</subfield>
  </datafield>
  <datafield tag="856" ind1="4" ind2=" ">
    <subfield code="f">7-08_v2_Dubosson_cahier_recherche.pdf</subfield>
    <subfield code="q">application/pdf</subfield>
    <subfield code="s">164309</subfield>
    <subfield code="u">http://doc.rero.ch/record/10668/files/7-08_v2_Dubosson_cahier_recherche.pdf</subfield>
    <subfield code="y">order:1</subfield>
    <subfield code="z">Texte intégral</subfield>
  </datafield>
  <datafield tag="918" ind1=" " ind2=" ">
    <subfield code="c">Centre de recherche appliquée en gestion (CRAG)</subfield>
  </datafield>
  <datafield tag="919" ind1=" " ind2=" ">
    <subfield code="a">Haute école de gestion de Genève</subfield>
    <subfield code="b">Genève</subfield>
    <subfield code="d">doc.support@rero.ch</subfield>
  </datafield>
  <datafield tag="980" ind1=" " ind2=" ">
    <subfield code="a">REPORT</subfield>
    <subfield code="b">HEGGE</subfield>
  </datafield>
  <datafield tag="990" ind1=" " ind2=" ">
    <subfield code="a">20081013110756-GM</subfield>
  </datafield>
</record>