
<record>
  <controlfield tag="001">10623</controlfield>
  <controlfield tag="005">20130605082942.0</controlfield>
  <datafield tag="024" ind1="8" ind2=" ">
    <subfield code="a">oai:doc.rero.ch:20080923172111-GG</subfield>
    <subfield code="p">report</subfield>
    <subfield code="p">cdu33</subfield>
    <subfield code="p">rero_explore</subfield>
    <subfield code="z">dissertation</subfield>
    <subfield code="z">cdu1</subfield>
    <subfield code="z">preprint</subfield>
    <subfield code="z">hegge</subfield>
    <subfield code="z">cdu16</subfield>
    <subfield code="z">journal</subfield>
    <subfield code="z">book</subfield>
    <subfield code="z">thesis</subfield>
    <subfield code="z">thesis_urn</subfield>
    <subfield code="z">cdu34</subfield>
    <subfield code="z">postprint</subfield>
  </datafield>
  <datafield tag="027" ind1=" " ind2=" ">
    <subfield code="a">HES-SO/HEG-GE/C--08/5/1--CH</subfield>
  </datafield>
  <datafield tag="041" ind1=" " ind2=" ">
    <subfield code="a">eng</subfield>
  </datafield>
  <datafield tag="080" ind1=" " ind2=" ">
    <subfield code="a">33</subfield>
  </datafield>
  <datafield tag="100" ind1=" " ind2=" ">
    <subfield code="a">Catenazzo, Giuseppe</subfield>
    <subfield code="u">Haute école de gestion de Genève</subfield>
  </datafield>
  <datafield tag="245" ind1=" " ind2=" ">
    <subfield code="9">eng</subfield>
    <subfield code="a">Influences of public ecological awareness and price on potable water consumption in the Geneva area</subfield>
    <subfield code="b">Cahier de recherche</subfield>
  </datafield>
  <datafield tag="269" ind1=" " ind2=" ">
    <subfield code="c">2008</subfield>
  </datafield>
  <datafield tag="300" ind1=" " ind2=" ">
    <subfield code="a">15</subfield>
  </datafield>
  <datafield tag="520" ind1=" " ind2=" ">
    <subfield code="9">eng</subfield>
    <subfield code="a">The specific attitudes and behaviours of individuals of a given society must be properly understood in order to develop adequate and relevant public policies regarding water consumption. We have conducted a survey research in order to measure the perception of the Geneva population regarding main social aspects of water consumption. We collected 907 valid questionnaires. In particular, we wanted to address research questions such as: are water consumers influenced by their ecological awareness? Is their consumption influenced by price changes? We observed that most of the respondents indicate that they have an ecological awareness regarding their daily consumption of public water. However, we have also discovered that they are generally not able to quantify their consumption (for drinking, cleaning, washing…). Relationships between classes as well as relationships between variables have been analyzed and then research hypotheses have been verified on the basis of non-parametric statistical tests. This empirical research provides some elements of perception regarding public water consumption leading to recommendations for better demand management.</subfield>
  </datafield>
  <datafield tag="695" ind1=" " ind2=" ">
    <subfield code="9">eng</subfield>
    <subfield code="a">Survey research ; Water Consumption ; Demand Management ; Public Policies</subfield>
  </datafield>
  <datafield tag="700" ind1=" " ind2=" ">
    <subfield code="a">D'Urso, Jennifer</subfield>
    <subfield code="u">Haute école de gestion de Genève</subfield>
  </datafield>
  <datafield tag="700" ind1=" " ind2=" ">
    <subfield code="a">Fragnière, Emmanuel</subfield>
    <subfield code="u">Haute école de gestion de Genève</subfield>
  </datafield>
  <datafield tag="700" ind1=" " ind2=" ">
    <subfield code="a">Tuberosa, Jean</subfield>
    <subfield code="u">Haute école de gestion de Genève</subfield>
  </datafield>
  <datafield tag="856" ind1="4" ind2=" ">
    <subfield code="f">5-08_Fragni_re_cahier_recherche.pdf</subfield>
    <subfield code="q">application/pdf</subfield>
    <subfield code="s">114266</subfield>
    <subfield code="u">http://doc.rero.ch/record/10623/files/5-08_Fragni_re_cahier_recherche.pdf</subfield>
    <subfield code="y">order:1</subfield>
    <subfield code="z">Texte intégral</subfield>
  </datafield>
  <datafield tag="918" ind1=" " ind2=" ">
    <subfield code="c">Centre de recherche appliquée en gestion (CRAG)</subfield>
  </datafield>
  <datafield tag="919" ind1=" " ind2=" ">
    <subfield code="a">Haute école de gestion de Genève</subfield>
    <subfield code="b">Genève</subfield>
    <subfield code="d">doc.support@rero.ch</subfield>
  </datafield>
  <datafield tag="980" ind1=" " ind2=" ">
    <subfield code="a">REPORT</subfield>
    <subfield code="b">HEGGE</subfield>
  </datafield>
  <datafield tag="990" ind1=" " ind2=" ">
    <subfield code="a">20080923172111-GG</subfield>
  </datafield>
</record>