
<record>
  <controlfield tag="001">10620</controlfield>
  <controlfield tag="005">20130605082942.0</controlfield>
  <datafield tag="024" ind1="8" ind2=" ">
    <subfield code="a">oai:doc.rero.ch:20080923145857-TC</subfield>
    <subfield code="p">report</subfield>
    <subfield code="p">cdu33</subfield>
    <subfield code="p">rero_explore</subfield>
    <subfield code="z">dissertation</subfield>
    <subfield code="z">cdu1</subfield>
    <subfield code="z">preprint</subfield>
    <subfield code="z">hegge</subfield>
    <subfield code="z">cdu16</subfield>
    <subfield code="z">journal</subfield>
    <subfield code="z">book</subfield>
    <subfield code="z">thesis</subfield>
    <subfield code="z">thesis_urn</subfield>
    <subfield code="z">cdu34</subfield>
    <subfield code="z">postprint</subfield>
  </datafield>
  <datafield tag="027" ind1=" " ind2=" ">
    <subfield code="a">HES-SO/HEG-GE/C--08/6/1--CH</subfield>
  </datafield>
  <datafield tag="041" ind1=" " ind2=" ">
    <subfield code="a">eng</subfield>
  </datafield>
  <datafield tag="080" ind1=" " ind2=" ">
    <subfield code="a">33</subfield>
  </datafield>
  <datafield tag="100" ind1=" " ind2=" ">
    <subfield code="a">Broillet, Alexandra</subfield>
    <subfield code="u">Haute école de gestion de Genève</subfield>
  </datafield>
  <datafield tag="245" ind1=" " ind2=" ">
    <subfield code="9">eng</subfield>
    <subfield code="a">Analyzing web 2.0 Internet users in order to drive innovation in distribution strategy of luxury watches : a netnography analysis</subfield>
    <subfield code="b">Cahier de recherche</subfield>
  </datafield>
  <datafield tag="269" ind1=" " ind2=" ">
    <subfield code="c">2008</subfield>
  </datafield>
  <datafield tag="300" ind1=" " ind2=" ">
    <subfield code="a">12</subfield>
  </datafield>
  <datafield tag="520" ind1=" " ind2=" ">
    <subfield code="9">eng</subfield>
    <subfield code="a">While luxury watch industry is discussing whether to allow some distributors selling on the WEB 1.0, Internet users are gathering into communities on the WEB 2.0. Watch companies do not really believe in the necessity of being on the Internet in order to meet their customers. On the contrary, we assumed that luxury watches customers are heavy Internet users and are prone to buy over the Net. In order to confirm our hypothesis, we analyzed WEB 2.0 messages according to the netnography methodology (1). We identified and selected specific blogs dealing with luxury watches with the aim of revealing the actual Internet users thinking about luxury watches. The results give some insights about the attitudes of WEB 2.0 users toward luxury watches that can be used in order to innovate and launch new distribution and service web offerings for the luxury watch industry. Watch customers are playing and living in the WEB 2.0 era whereas luxury watches are vacillating about selling or not selling through authorized intermediaries. This industry could be a good case illustrating a market driven innovation process.</subfield>
  </datafield>
  <datafield tag="695" ind1=" " ind2=" ">
    <subfield code="9">eng</subfield>
    <subfield code="a">Netnography ; luxury watches ; e-commerce ; web services</subfield>
  </datafield>
  <datafield tag="700" ind1=" " ind2=" ">
    <subfield code="a">Dubosson, Magali</subfield>
    <subfield code="u">Haute école de gestion de Genève</subfield>
  </datafield>
  <datafield tag="856" ind1="4" ind2=" ">
    <subfield code="f">6-08_Dubosson_cahier_recherche.pdf</subfield>
    <subfield code="q">application/pdf</subfield>
    <subfield code="s">113301</subfield>
    <subfield code="u">http://doc.rero.ch/record/10620/files/6-08_Dubosson_cahier_recherche.pdf</subfield>
    <subfield code="y">order:1</subfield>
    <subfield code="z">Texte intégral</subfield>
  </datafield>
  <datafield tag="918" ind1=" " ind2=" ">
    <subfield code="c">Centre de recherche appliquée en gestion (CRAG)</subfield>
  </datafield>
  <datafield tag="919" ind1=" " ind2=" ">
    <subfield code="a">Haute école de gestion de Genève</subfield>
    <subfield code="b">Genève</subfield>
    <subfield code="d">doc.support@rero.ch</subfield>
  </datafield>
  <datafield tag="980" ind1=" " ind2=" ">
    <subfield code="a">REPORT</subfield>
    <subfield code="b">HEGGE</subfield>
  </datafield>
  <datafield tag="990" ind1=" " ind2=" ">
    <subfield code="a">20080923145857-TC</subfield>
  </datafield>
</record>