
<record>
  <controlfield tag="001">10619</controlfield>
  <controlfield tag="005">20130605082942.0</controlfield>
  <datafield tag="024" ind1="8" ind2=" ">
    <subfield code="a">oai:doc.rero.ch:20080923141118-UD</subfield>
    <subfield code="p">report</subfield>
    <subfield code="p">cdu33</subfield>
    <subfield code="p">rero_explore</subfield>
    <subfield code="z">dissertation</subfield>
    <subfield code="z">cdu1</subfield>
    <subfield code="z">preprint</subfield>
    <subfield code="z">hegge</subfield>
    <subfield code="z">cdu16</subfield>
    <subfield code="z">journal</subfield>
    <subfield code="z">book</subfield>
    <subfield code="z">thesis</subfield>
    <subfield code="z">thesis_urn</subfield>
    <subfield code="z">cdu34</subfield>
    <subfield code="z">postprint</subfield>
  </datafield>
  <datafield tag="027" ind1=" " ind2=" ">
    <subfield code="a">HES-SO/HEG-GE/C--08/9/1--CH</subfield>
  </datafield>
  <datafield tag="041" ind1=" " ind2=" ">
    <subfield code="a">eng</subfield>
  </datafield>
  <datafield tag="080" ind1=" " ind2=" ">
    <subfield code="a">33</subfield>
  </datafield>
  <datafield tag="100" ind1=" " ind2=" ">
    <subfield code="a">Catenazzo, Giuseppe</subfield>
    <subfield code="u">Haute école de gestion de Genève</subfield>
  </datafield>
  <datafield tag="245" ind1=" " ind2=" ">
    <subfield code="9">eng</subfield>
    <subfield code="a">Attitudes regarding new enterprise risk and control regulations by the active population of the Geneva area</subfield>
    <subfield code="b">Cahier de recherche</subfield>
  </datafield>
  <datafield tag="269" ind1=" " ind2=" ">
    <subfield code="c">2008</subfield>
  </datafield>
  <datafield tag="300" ind1=" " ind2=" ">
    <subfield code="a">15</subfield>
  </datafield>
  <datafield tag="520" ind1=" " ind2=" ">
    <subfield code="9">eng</subfield>
    <subfield code="a">Nowadays, professional bodies as well as public authorities are setting up new regulations and standards in order to deploy risk management approaches in the non-financial industries. For instance, Switzerland has recently introduced a new regulation on Internal control that forces most SMEs to implement an ICS (Internal Control System). However, introducing or dealing with new risk control regulations might not bring the desired effect to the organisation: logistical and psychological barriers might indeed affect its proper deployment. It is well known that regulations are effective when each individual understands, accepts and attempts to comply with it. To deal with these issues, we have conducted a survey research from October to December 2007 to measure the perception of Geneva population regarding the main aspects of risk management within the organisations they work for. In particular, we attempt to answer to the following questions: what are the main risks at your workplace? And within your organisation? What do you think about internal audit missions? What would you do if risks occurred within your organisation? 417 people have answered to a questionnaire created by LEM (Laboratoire d’Études de Marché), a Geneva Haute École de Gestion research laboratory. Among results, we observe that poor management and infrastructure, poor performance and fraud detection are perceived as the main risk management issues. Moreover people associate an internal control procedure mainly with a performance and/or financial control. We also discover that an internal and confidential whistle-blowing system would not be well accepted in Geneva. These and other related topics (poor work atmosphere, fault at work…) have been analysed, research hypotheses have been verified on the basis of non-parametrical tests. Among others, our results highlight that a well-balanced and practical approach when implementing an ICS is important to avoid counterproductive resistance.</subfield>
  </datafield>
  <datafield tag="695" ind1=" " ind2=" ">
    <subfield code="9">eng</subfield>
    <subfield code="a">Survey Research ; Risk and Audit ; Risk Management ; Standardisation</subfield>
  </datafield>
  <datafield tag="700" ind1=" " ind2=" ">
    <subfield code="a">Fragnière, Emmanuel</subfield>
    <subfield code="u">Haute école de gestion de Genève</subfield>
  </datafield>
  <datafield tag="856" ind1="4" ind2=" ">
    <subfield code="f">9-08_Fragni_re_cahier_recherche.pdf</subfield>
    <subfield code="q">application/pdf</subfield>
    <subfield code="s">139692</subfield>
    <subfield code="u">http://doc.rero.ch/record/10619/files/9-08_Fragni_re_cahier_recherche.pdf</subfield>
    <subfield code="y">order:1</subfield>
    <subfield code="z">Texte intégral</subfield>
  </datafield>
  <datafield tag="918" ind1=" " ind2=" ">
    <subfield code="c">Centre de recherche appliquée en gestion (CRAG)</subfield>
  </datafield>
  <datafield tag="919" ind1=" " ind2=" ">
    <subfield code="a">Haute école de gestion de Genève</subfield>
    <subfield code="b">Genève</subfield>
    <subfield code="d">doc.support@rero.ch</subfield>
  </datafield>
  <datafield tag="980" ind1=" " ind2=" ">
    <subfield code="a">REPORT</subfield>
    <subfield code="b">HEGGE</subfield>
  </datafield>
  <datafield tag="990" ind1=" " ind2=" ">
    <subfield code="a">20080923141118-UD</subfield>
  </datafield>
</record>