
<record>
  <controlfield tag="001">9554</controlfield>
  <controlfield tag="005">20130225121937.0</controlfield>
  <datafield tag="024" ind1="8" ind2=" ">
    <subfield code="a">oai:doc.rero.ch:20080717163224-RU</subfield>
    <subfield code="p">report</subfield>
    <subfield code="p">rero_explore</subfield>
    <subfield code="z">dissertation</subfield>
    <subfield code="z">cdu1</subfield>
    <subfield code="z">preprint</subfield>
    <subfield code="z">cdu16</subfield>
    <subfield code="z">postprint</subfield>
    <subfield code="z">journal</subfield>
    <subfield code="z">book</subfield>
    <subfield code="z">thesis</subfield>
    <subfield code="z">hetsge</subfield>
    <subfield code="z">cdu36</subfield>
    <subfield code="z">thesis_urn</subfield>
    <subfield code="z">cdu34</subfield>
  </datafield>
  <datafield tag="041" ind1=" " ind2=" ">
    <subfield code="a">fre</subfield>
  </datafield>
  <datafield tag="080" ind1=" " ind2=" ">
    <subfield code="a">36</subfield>
  </datafield>
  <datafield tag="100" ind1=" " ind2=" ">
    <subfield code="a">Armbruster Elatifi, Ulrike</subfield>
  </datafield>
  <datafield tag="245" ind1=" " ind2=" ">
    <subfield code="9">fre</subfield>
    <subfield code="a">L'animation auprès de la personne âgée dans le canton de Genève</subfield>
    <subfield code="b">Où ? Quand ? Qui ? Quoi ? Combien ? Comment ?</subfield>
  </datafield>
  <datafield tag="269" ind1=" " ind2=" ">
    <subfield code="c">2008-07-16</subfield>
  </datafield>
  <datafield tag="300" ind1=" " ind2=" ">
    <subfield code="a">133</subfield>
  </datafield>
  <datafield tag="520" ind1=" " ind2=" ">
    <subfield code="9">fre</subfield>
    <subfield code="a">Le vieillissement démographique de la population provoque une mutation profonde de notre société. Dans cette transformation de la collectivité, le travailleur social et notamment l’animateur socioculturel a une place à prendre aux côtés de la population âgée afin que cet allongement de la durée de vie prenne tout son sens pour l’individu d’une part et pour la société d’autre part. Le canton de Genève a toujours joué un rôle actif dans le domaine de la recherche sur la personne âgée. Toutefois, la plupart des études portent sur les conditions de vie des aînés telles que la santé, le logement, l’intégration sociale, etc. Rares sont les travaux qui s’intéressent aux professionnels du social intervenant dans le domaine de la gérontologie. Notre étude vise à combler cette lacune en cherchant à appréhender plus particulièrement le domaine d’intervention des animateurs socioculturels auprès de la personne âgée à Genève. L’objectif général de cette étude quantitative qui s’est déroulée entre 2006 et 2008 consiste à décrire de la façon la plus précise possible la situation actuelle de l’animation dans le réseau socio-gérontologique genevois. Nos explorations ont dévoilé un réseau complexe, riche en offres multiples et diversifiées, mais également des institutions qui évoluent dans un contexte en constante évolution.</subfield>
  </datafield>
  <datafield tag="695" ind1=" " ind2=" ">
    <subfield code="9">fre</subfield>
    <subfield code="a">vieillissement ; animation socioculturelle ; personne âgée ; Genève (Suisse, canton) ; gérontologie sociale ; établissement pour personnes âgées ; pratique de réseau ; institution sociale ; action sociale</subfield>
  </datafield>
  <datafield tag="856" ind1="4" ind2=" ">
    <subfield code="f">Animation_gerontologie_UAE.pdf</subfield>
    <subfield code="q">application/pdf</subfield>
    <subfield code="s">1021541</subfield>
    <subfield code="u">http://doc.rero.ch/record/9554/files/Animation_gerontologie_UAE.pdf</subfield>
    <subfield code="y">order:1</subfield>
    <subfield code="z">Texte intégral</subfield>
  </datafield>
  <datafield tag="919" ind1=" " ind2=" ">
    <subfield code="a">Haute école de travail social de Genève</subfield>
    <subfield code="b">Genève</subfield>
    <subfield code="d">doc.support@rero.ch</subfield>
  </datafield>
  <datafield tag="980" ind1=" " ind2=" ">
    <subfield code="a">REPORT</subfield>
    <subfield code="b">HETSGE</subfield>
  </datafield>
  <datafield tag="990" ind1=" " ind2=" ">
    <subfield code="a">20080717163224-RU</subfield>
  </datafield>
</record>