
<record>
  <controlfield tag="001">9380</controlfield>
  <controlfield tag="005">20131209145612.0</controlfield>
  <datafield tag="024" ind1="8" ind2=" ">
    <subfield code="a">oai:doc.rero.ch:20080603171856-RK</subfield>
    <subfield code="p">cdu33</subfield>
    <subfield code="p">rero_explore</subfield>
    <subfield code="p">postprint</subfield>
    <subfield code="p">infonet_economy</subfield>
    <subfield code="z">dissertation</subfield>
    <subfield code="z">cdu1</subfield>
    <subfield code="z">preprint</subfield>
    <subfield code="z">hegge</subfield>
    <subfield code="z">cdu16</subfield>
    <subfield code="z">journal</subfield>
    <subfield code="z">book</subfield>
    <subfield code="z">thesis</subfield>
    <subfield code="z">report</subfield>
    <subfield code="z">thesis_urn</subfield>
    <subfield code="z">cdu34</subfield>
  </datafield>
  <datafield tag="041" ind1=" " ind2=" ">
    <subfield code="a">fre</subfield>
  </datafield>
  <datafield tag="080" ind1=" " ind2=" ">
    <subfield code="a">33</subfield>
  </datafield>
  <datafield tag="100" ind1=" " ind2=" ">
    <subfield code="a">Baranzini, Andrea</subfield>
    <subfield code="u">Haute école de gestion de Genève</subfield>
  </datafield>
  <datafield tag="245" ind1=" " ind2=" ">
    <subfield code="9">fre</subfield>
    <subfield code="a">Évaluation de mécanismes de flexibilité dans la mise en œuvre de la politique environnementale</subfield>
  </datafield>
  <datafield tag="269" ind1=" " ind2=" ">
    <subfield code="c">2008</subfield>
  </datafield>
  <datafield tag="520" ind1=" " ind2=" ">
    <subfield code="9">fre</subfield>
    <subfield code="a">Ce papier étudie la mise en oeuvre concrète d’une politique environnementale visant la réduction de la consommation énergétique dans le domaine du bâtiment. Nous proposons et évaluons (ex ante) différents mécanismes selon les principes du développement durable, i.e. l’efficacité environnementale, l’efficacité économique et l’équité. Le contexte est celui dans lequel les autorités utilisent la menace d’une réglementation que les émetteurs redoutent, afin de les amener à prendre des mesures « volontairement ». Ce contexte est intéressant, car il permet de combiner les avantages des mesures contraignantes – la garantie que des résultats seront atteints – avec ceux des mesures volontaires – la possibilité pour les émetteurs de prendre les mesures les moins coûteuses avec également une meilleure acceptabilité politique. De plus, l’autorité chargée de la mise en oeuvre préfèrerait ne pas appliquer les mesures contraignantes prévues par la Loi. Ce contexte réunit donc toutes les conditions pour que l’autorité ait envisagé d’introduire des mécanismes de flexibilité, dont elle doit néanmoins vérifier la compatibilité avec ses propres objectifs, notamment d’efficacité et d’équité.</subfield>
  </datafield>
  <datafield tag="695" ind1=" " ind2=" ">
    <subfield code="9">fre</subfield>
    <subfield code="a">politique environnementale ; flexibilité ; consommation énergétique ; bâtiment ; développement durable</subfield>
  </datafield>
  <datafield tag="700" ind1=" " ind2=" ">
    <subfield code="a">Thalmann, Philippe</subfield>
    <subfield code="u">REME, EPFL</subfield>
  </datafield>
  <datafield tag="773" ind1=" " ind2=" ">
    <subfield code="d">Genève: Centre Universitaire d’Études des Problèmes de l’Énergie</subfield>
    <subfield code="g">2008///55-78</subfield>
    <subfield code="t">Infrastructures et Energie, Série Énergie, Environnement et Société</subfield>
  </datafield>
  <datafield tag="856" ind1="4" ind2=" ">
    <subfield code="f">Baranzini_evaluation_de_mecanismes.pdf</subfield>
    <subfield code="q">application/pdf</subfield>
    <subfield code="s">261920</subfield>
    <subfield code="u">http://doc.rero.ch/record/9380/files/Baranzini_evaluation_de_mecanismes.pdf</subfield>
    <subfield code="y">order:1</subfield>
    <subfield code="z">Version publiée</subfield>
  </datafield>
  <datafield tag="918" ind1=" " ind2=" ">
    <subfield code="a">Haute école de gestion de Genève</subfield>
    <subfield code="c">Economie d'entreprise</subfield>
    <subfield code="b">Campus de Battelle, Bâtiment F, 7 route de Drize, 1227 Carouge</subfield>
  </datafield>
  <datafield tag="919" ind1=" " ind2=" ">
    <subfield code="a">Haute école de gestion de Genève</subfield>
    <subfield code="b">Genève</subfield>
    <subfield code="d">doc.support@rero.ch</subfield>
  </datafield>
  <datafield tag="980" ind1=" " ind2=" ">
    <subfield code="a">POSTPRINT</subfield>
    <subfield code="b">HEGGE</subfield>
    <subfield code="f">ART_INBOOK</subfield>
  </datafield>
  <datafield tag="990" ind1=" " ind2=" ">
    <subfield code="a">20080603171856-RK</subfield>
  </datafield>
</record>