
<record>
  <controlfield tag="001">9365</controlfield>
  <controlfield tag="005">20131209145612.0</controlfield>
  <datafield tag="024" ind1="8" ind2=" ">
    <subfield code="a">oai:doc.rero.ch:20080530130949-DR</subfield>
    <subfield code="p">cdu33</subfield>
    <subfield code="p">rero_explore</subfield>
    <subfield code="p">postprint</subfield>
    <subfield code="p">infonet_economy</subfield>
    <subfield code="z">dissertation</subfield>
    <subfield code="z">cdu1</subfield>
    <subfield code="z">preprint</subfield>
    <subfield code="z">hegge</subfield>
    <subfield code="z">cdu16</subfield>
    <subfield code="z">journal</subfield>
    <subfield code="z">book</subfield>
    <subfield code="z">thesis</subfield>
    <subfield code="z">report</subfield>
    <subfield code="z">thesis_urn</subfield>
    <subfield code="z">cdu34</subfield>
  </datafield>
  <datafield tag="041" ind1=" " ind2=" ">
    <subfield code="a">eng</subfield>
  </datafield>
  <datafield tag="080" ind1=" " ind2=" ">
    <subfield code="a">33</subfield>
  </datafield>
  <datafield tag="100" ind1=" " ind2=" ">
    <subfield code="a">Scharer, Caroline</subfield>
    <subfield code="u">Haute école de gestion de Genève, Suisse</subfield>
  </datafield>
  <datafield tag="245" ind1=" " ind2=" ">
    <subfield code="9">eng</subfield>
    <subfield code="a">Using the hedonic approach to value natural land uses in an urban area</subfield>
    <subfield code="b">application to Geneva and Zurich</subfield>
  </datafield>
  <datafield tag="269" ind1=" " ind2=" ">
    <subfield code="c">2008</subfield>
  </datafield>
  <datafield tag="520" ind1=" " ind2=" ">
    <subfield code="9">fre</subfield>
    <subfield code="a">Dans cet article, nous appliquons la méthode hédoniste aux marchés immobiliers des régions urbaines de Genève et Zurich, Suisse, afin d’évaluer la valeur du paysage naturel et de sa diversité. En utilisant les systèmes d’information géographiques (SIG) de Genève et Zurich, nous construisons des variables permettant de quantifier les différents types de paysage naturel, ainsi que leur configuration, dans chacun des quartiers de ces deux régions. Ensuite, en fusionnant ces nouvelles variables SIG avec des données sur la structure des appartements et sur leurs niveaux d’exposition au bruit, nous obtenons une base de données d’environ 3 200 appartements pour chacune des régions urbaines étudiées. Nos résultats montrent que la proximité ainsi que la taille des différents types de paysage naturel ont un impact statistiquement significatif sur les loyers des appartements environnants. De plus, l’homogénéité du paysage dans les quartiers est valorisée par des loyers plus élevés. Les coefficients estimés sont relativement similaires dans les deux régions.</subfield>
  </datafield>
  <datafield tag="520" ind1=" " ind2=" ">
    <subfield code="9">eng</subfield>
    <subfield code="a">We apply the hedonic model to the rental markets of the Geneva and Zurich urban areas, Switzerland, in order to assess the value of natural land uses and land use diversity. In order to construct variables to quantify land uses and patterns in the neighbourhoods of the buildings, we make use of the Zurich and Geneva geographic information system (GIS). Then, by merging these GIS-calculated neighbourhood variables with data on the dwellings’ structure and noise exposure levels, we obtain a database of about 3 200 observations for each urban area. We find that proximity to variou environmental amenities as well as their size in the surrounding areas has a statistically significant impact on rents. In addition, homogeneity in land use commands higher rents. The estimated impacts are relatively similar in the two regions.</subfield>
  </datafield>
  <datafield tag="695" ind1=" " ind2=" ">
    <subfield code="9">fre</subfield>
    <subfield code="a">marché immobilier ; paysage naturel ; Genève (ville) ; Zurich (ville) ; méthode hédoniste</subfield>
  </datafield>
  <datafield tag="700" ind1=" " ind2=" ">
    <subfield code="a">Baranzini, Andrea</subfield>
    <subfield code="u">Haute école de gestion de Genève, Suisse</subfield>
  </datafield>
  <datafield tag="700" ind1=" " ind2=" ">
    <subfield code="a">Ramirez, José V.</subfield>
    <subfield code="u">Haute école de gestion de Genève, Suisse</subfield>
  </datafield>
  <datafield tag="700" ind1=" " ind2=" ">
    <subfield code="a">Thalmann, Philippe</subfield>
    <subfield code="u">REME, EPFL, Suisse</subfield>
  </datafield>
  <datafield tag="773" ind1=" " ind2=" ">
    <subfield code="t">Economie publique = Public economics</subfield>
    <subfield code="g">2007//20/1-23</subfield>
  </datafield>
  <datafield tag="856" ind1="4" ind2=" ">
    <subfield code="y">2008-05-30 13:29:29</subfield>
    <subfield code="z">Version publiée</subfield>
    <subfield code="u">http://economiepublique.revues.org/docannexe7472.html</subfield>
  </datafield>
  <datafield tag="918" ind1=" " ind2=" ">
    <subfield code="a">Haute école de gestion de Genève</subfield>
    <subfield code="c">Economie d'entreprise</subfield>
    <subfield code="b">Campus de Battelle, Bâtiment F, 7 route de Drize, 1227 Carouge</subfield>
  </datafield>
  <datafield tag="919" ind1=" " ind2=" ">
    <subfield code="a">Haute école de gestion de Genève</subfield>
    <subfield code="b">Genève</subfield>
    <subfield code="d">doc.support@rero.ch</subfield>
  </datafield>
  <datafield tag="980" ind1=" " ind2=" ">
    <subfield code="a">POSTPRINT</subfield>
    <subfield code="b">HEGGE</subfield>
    <subfield code="f">ART_JOURNAL</subfield>
  </datafield>
  <datafield tag="990" ind1=" " ind2=" ">
    <subfield code="a">20080530130949-DR</subfield>
  </datafield>
</record>