
<record>
  <controlfield tag="001">9336</controlfield>
  <controlfield tag="005">20130225121931.0</controlfield>
  <datafield tag="024" ind1="8" ind2=" ">
    <subfield code="a">oai:doc.rero.ch:20080522094422-VI</subfield>
    <subfield code="p">dissertation</subfield>
    <subfield code="p">rero_explore</subfield>
    <subfield code="z">cdu1</subfield>
    <subfield code="z">preprint</subfield>
    <subfield code="z">hegge</subfield>
    <subfield code="z">cdu16</subfield>
    <subfield code="z">journal</subfield>
    <subfield code="z">book</subfield>
    <subfield code="z">cdu004</subfield>
    <subfield code="z">thesis</subfield>
    <subfield code="z">report</subfield>
    <subfield code="z">thesis_urn</subfield>
    <subfield code="z">cdu34</subfield>
    <subfield code="z">postprint</subfield>
  </datafield>
  <datafield tag="041" ind1=" " ind2=" ">
    <subfield code="a">fre</subfield>
  </datafield>
  <datafield tag="080" ind1=" " ind2=" ">
    <subfield code="a">004</subfield>
  </datafield>
  <datafield tag="100" ind1=" " ind2=" ">
    <subfield code="a">Weinmann, Danièle</subfield>
  </datafield>
  <datafield tag="245" ind1=" " ind2=" ">
    <subfield code="9">fre</subfield>
    <subfield code="a">Répercussions du Processus de Bologne sur les systèmes qualité des Hautes Écoles Spécialisées</subfield>
    <subfield code="b">qu’implique la mise en oeuvre des standards de l’ENQA ?</subfield>
  </datafield>
  <datafield tag="300" ind1=" " ind2=" ">
    <subfield code="a">102 p.</subfield>
  </datafield>
  <datafield tag="500" ind1=" " ind2=" ">
    <subfield code="a">Prix Seghezzi 2007</subfield>
  </datafield>
  <datafield tag="502" ind1=" " ind2=" ">
    <subfield code="9">2005</subfield>
    <subfield code="a">Mémoire de diplôme HES : Haute école de gestion de Genève, 2005 ; TDIG 21</subfield>
  </datafield>
  <datafield tag="520" ind1=" " ind2=" ">
    <subfield code="9">fre</subfield>
    <subfield code="a">Suite à la ratification de la Déclaration de Bologne par la Confédération Suisse, le système éducatif suisse est en pleine réforme. Le niveau Tertiaire est particulièrement touché. Ce mémoire s’intéresse aux répercussions, engendrées par ces changements, sur les Hautes Écoles Spécialisées (HES) suisses. Un autre élément ayant un fort impact sur les HES, lié à cette réforme, est le fait que celles-ci ont l’obligation de devoir mettre en place un système qualité. Celui-ci sera soumis à une accréditation qualité dont dépendra en plus la conservation du statut d’HES. Ce mémoire présente en premier lieu les éléments théoriques, qui sont : le fonctionnement du système éducatif suisse, la problématique de la qualité dans l’éducation et les grands référentiels qualité, qui sont les bases potentielles pour que les écoles puissent trouver des réponses à celle-ci. Dans un second temps ce mémoire s’oriente plus sur des aspects pratiques, qui sont : une traduction française facilitant ainsi la compréhension des standards émis par European Association for Quality Assurance in Higher Education (ENQA), d’un moyen permettant de se positionner par rapport à ceux-ci et la présentation de l’outil informatique MEGA. L’outil élaboré permettant à une HES de se positionner par rapport aux standards de l’ENQA, se présente sous la forme d’un questionnaire d’auto-évaluation spécifique. Les implications de la mise en place de ces standards sont illustrées par l’exemple de la Haute École de Gestion (HEG), membre de la Haute École Spécialisée de Suisse occidentale Genève (HES-SO Genève). L’outil informatique MEGA est un logiciel permettant de modéliser les processus et l'architecture d’une entreprise. Il est présenté dans le cadre de ce mémoire car c’est la solution utilisée par les écoles membres de la HES-SO Genève pour gérer leurs systèmes qualités. En plus vous trouverez, dans ce mémoire, un glossaire, celui-ci reprend toutes les abréviations désignant les organismes cités dans le texte. Il offre une brève présentation de ceux-ci et dans la mesure du possible fournit une référence Internet où vous pourrez trouver plus d’informations à leurs sujets.</subfield>
  </datafield>
  <datafield tag="695" ind1=" " ind2=" ">
    <subfield code="9">fre</subfield>
    <subfield code="a">système qualité ; Hautes écoles spécialisées ; standards de l’ENQA ; Processus de Bologne</subfield>
  </datafield>
  <datafield tag="700" ind1=" " ind2=" ">
    <subfield code="a">Burdet, Xavier</subfield>
    <subfield code="e">Dir.</subfield>
  </datafield>
  <datafield tag="856" ind1="4" ind2=" ">
    <subfield code="f">M_moire_Dani_le_Weinmann_-_R_percussions_du_Processus_de_Bol.pdf</subfield>
    <subfield code="q">application/pdf</subfield>
    <subfield code="s">1442722</subfield>
    <subfield code="u">http://doc.rero.ch/record/9336/files/M_moire_Dani_le_Weinmann_-_R_percussions_du_Processus_de_Bol.pdf</subfield>
    <subfield code="y">order:1</subfield>
    <subfield code="z">Mémoire</subfield>
  </datafield>
  <datafield tag="918" ind1=" " ind2=" ">
    <subfield code="a">Haute école de gestion de Genève</subfield>
    <subfield code="c">Informatique de gestion</subfield>
    <subfield code="b">Campus de Battelle, Bâtiment F, 7 route de Drize, 1227 Carouge</subfield>
  </datafield>
  <datafield tag="919" ind1=" " ind2=" ">
    <subfield code="a">Haute école de gestion de Genève</subfield>
    <subfield code="b">Genève</subfield>
    <subfield code="d">doc.support@rero.ch</subfield>
  </datafield>
  <datafield tag="980" ind1=" " ind2=" ">
    <subfield code="a">DISSERTATION</subfield>
    <subfield code="b">HEGGE</subfield>
    <subfield code="f">DISS_BACHELOR</subfield>
  </datafield>
  <datafield tag="990" ind1=" " ind2=" ">
    <subfield code="a">20080522094422-VI</subfield>
  </datafield>
</record>