
<record>
  <controlfield tag="001">9217</controlfield>
  <controlfield tag="005">20130225121927.0</controlfield>
  <datafield tag="024" ind1="8" ind2=" ">
    <subfield code="a">oai:doc.rero.ch:20080505164612-JZ</subfield>
    <subfield code="p">report</subfield>
    <subfield code="p">rero_explore</subfield>
    <subfield code="z">dissertation</subfield>
    <subfield code="z">cdu1</subfield>
    <subfield code="z">preprint</subfield>
    <subfield code="z">hegge</subfield>
    <subfield code="z">cdu16</subfield>
    <subfield code="z">journal</subfield>
    <subfield code="z">book</subfield>
    <subfield code="z">cdu02</subfield>
    <subfield code="z">thesis</subfield>
    <subfield code="z">thesis_urn</subfield>
    <subfield code="z">cdu34</subfield>
    <subfield code="z">postprint</subfield>
  </datafield>
  <datafield tag="027" ind1=" " ind2=" ">
    <subfield code="a">HES-SO/HEG-GE/C--08/8/1--CH</subfield>
  </datafield>
  <datafield tag="041" ind1=" " ind2=" ">
    <subfield code="a">fre</subfield>
  </datafield>
  <datafield tag="080" ind1=" " ind2=" ">
    <subfield code="a">02</subfield>
  </datafield>
  <datafield tag="100" ind1=" " ind2=" ">
    <subfield code="a">Bugnon, Nicolas</subfield>
    <subfield code="u">Haute école de gestion de Genève</subfield>
  </datafield>
  <datafield tag="245" ind1=" " ind2=" ">
    <subfield code="9">fre</subfield>
    <subfield code="a">OPACs et utilisateurs : l'étude ACUEIL démontre les comportements de recherche et propose des outils simplifiés et flexibles</subfield>
    <subfield code="b">Cahier de recherche</subfield>
  </datafield>
  <datafield tag="269" ind1=" " ind2=" ">
    <subfield code="c">2008</subfield>
  </datafield>
  <datafield tag="300" ind1=" " ind2=" ">
    <subfield code="a">67</subfield>
  </datafield>
  <datafield tag="520" ind1=" " ind2=" ">
    <subfield code="9">fre</subfield>
    <subfield code="a">ACUEIL est un projet qui a étudié les comportements de recherche bibliographique en ligne des utilisateurs de bibliothèques par deux analyses parallèles. L’analyse quantitative a eu pour but d’exploiter les fichiers log des OPACs (Online Public Access Catalog), témoins de toutes les actions des utilisateurs, afin de générer des statistiques d’utilisations des différentes fonctionnalités des catalogues électroniques. L’analyse qualitative a consisté en des entretiens avec des utilisateurs et l’étude d’enregistrements filmés des bornes publiques de catalogues. Les résultats observés ont permis de formuler des recommandations quant à l’amélioration dans le sens d’une simplification des interfaces et d’une meilleure flexibilité des moteurs de recherche.</subfield>
  </datafield>
  <datafield tag="520" ind1=" " ind2=" ">
    <subfield code="9">eng</subfield>
    <subfield code="a">ACUEIL is a research project that studied user behaviour when searching bibliographical records online using two distinct methodologies. A quantitative analysis analysed OPAC (Online Public Access Catalog) log files that gave evidence for the use of different functionalities. A qualitative analysis consisted of guided usability tests and records of uncontrolled user behaviour. The results of both studies reveal that many obstructions are less likely to be found in the catalogue but rather in the interface. Users in fact need both simplicity and flexibility: more simplicity concerning the layout and more flexibility concerning their requests and the corresponding search results.</subfield>
  </datafield>
  <datafield tag="695" ind1=" " ind2=" ">
    <subfield code="9">fre</subfield>
    <subfield code="a">OPACs ; catalogues électroniques ; bibliothèques ; utilisateurs ; lecteurs ; comportements de recherche</subfield>
  </datafield>
  <datafield tag="695" ind1=" " ind2=" ">
    <subfield code="9">eng</subfield>
    <subfield code="a">OPACs ; online catalogs ; libraries ; user search behaviour</subfield>
  </datafield>
  <datafield tag="700" ind1=" " ind2=" ">
    <subfield code="a">Schneider, René</subfield>
    <subfield code="u">Haute école de gestion de Genève</subfield>
  </datafield>
  <datafield tag="775" ind1=" " ind2=" ">
    <subfield code="o">http://www.hesge.ch/heg/crag/doc/pub_wp_rs_30042008.pdf</subfield>
    <subfield code="g">Autre accès</subfield>
  </datafield>
  <datafield tag="856" ind1="4" ind2=" ">
    <subfield code="f">ACUEIL_rapport_final.pdf</subfield>
    <subfield code="q">application/pdf</subfield>
    <subfield code="s">1075122</subfield>
    <subfield code="u">http://doc.rero.ch/record/9217/files/ACUEIL_rapport_final.pdf</subfield>
    <subfield code="y">order:1</subfield>
    <subfield code="z">Texte intégral</subfield>
  </datafield>
  <datafield tag="918" ind1=" " ind2=" ">
    <subfield code="c">Centre de recherche appliquée en gestion (CRAG)</subfield>
  </datafield>
  <datafield tag="919" ind1=" " ind2=" ">
    <subfield code="a">Haute école de gestion de Genève</subfield>
    <subfield code="b">Genève</subfield>
    <subfield code="d">doc.support@rero.ch</subfield>
  </datafield>
  <datafield tag="980" ind1=" " ind2=" ">
    <subfield code="a">REPORT</subfield>
    <subfield code="b">HEGGE</subfield>
  </datafield>
  <datafield tag="990" ind1=" " ind2=" ">
    <subfield code="a">20080505164612-JZ</subfield>
  </datafield>
</record>