
<record>
  <controlfield tag="001">9156</controlfield>
  <controlfield tag="005">20130605082941.0</controlfield>
  <datafield tag="024" ind1="8" ind2=" ">
    <subfield code="a">oai:doc.rero.ch:20080417144416-UK</subfield>
    <subfield code="p">report</subfield>
    <subfield code="p">cdu33</subfield>
    <subfield code="p">rero_explore</subfield>
    <subfield code="z">dissertation</subfield>
    <subfield code="z">cdu1</subfield>
    <subfield code="z">preprint</subfield>
    <subfield code="z">hegge</subfield>
    <subfield code="z">cdu16</subfield>
    <subfield code="z">journal</subfield>
    <subfield code="z">book</subfield>
    <subfield code="z">thesis</subfield>
    <subfield code="z">thesis_urn</subfield>
    <subfield code="z">cdu34</subfield>
    <subfield code="z">postprint</subfield>
  </datafield>
  <datafield tag="027" ind1=" " ind2=" ">
    <subfield code="a">HES-SO/HEG-GE/C--08/2/1--CH</subfield>
  </datafield>
  <datafield tag="041" ind1=" " ind2=" ">
    <subfield code="a">fre</subfield>
  </datafield>
  <datafield tag="080" ind1=" " ind2=" ">
    <subfield code="a">33</subfield>
  </datafield>
  <datafield tag="100" ind1=" " ind2=" ">
    <subfield code="a">Catenazzo, Giuseppe</subfield>
    <subfield code="u">Haute école de gestion de Genève</subfield>
  </datafield>
  <datafield tag="245" ind1=" " ind2=" ">
    <subfield code="9">fre</subfield>
    <subfield code="a">Rapport d'enquête préliminaire : Dessine-moi un service ! Entreprises et administrations : comment concevoir et valoriser vos services</subfield>
    <subfield code="b">Cahier de recherche</subfield>
  </datafield>
  <datafield tag="269" ind1=" " ind2=" ">
    <subfield code="c">2008</subfield>
  </datafield>
  <datafield tag="300" ind1=" " ind2=" ">
    <subfield code="a">25</subfield>
  </datafield>
  <datafield tag="520" ind1=" " ind2=" ">
    <subfield code="9">fre</subfield>
    <subfield code="a">Quelle est la valeur du savoir-faire, de l’expertise, dans la production de services à haute valeur ajoutée ? La HEG a conduit une enquête auprès de auprès de 678 personnes actives de la région genevoise afin de développer les sujets suivants : 	Utilisation des langues étrangères : importance, langues les plus utilisées, situation d'emploi, fréquence d'emploi, facteurs d'amélioration. 	État de la transmission du savoir-faire : difficulté de transmission, quantité transmise, conséquences de la non-transmission, moyens actuels de transmission, améliorations possibles. 	Évaluation du savoir-faire : profils recherchés, critères d'évaluation, avantages perçus grâce au savoir-faire. La définition de l'expertise ne se résout pas à un seul terme mais bien à l'assemblage de plusieurs notions. Nous présenterons, dans ce cahier, les résultats de l’enquête portant sur ces thèmes afin de cerner ces notions et de fournir des idées à des gestionnaires et des administrateurs.</subfield>
  </datafield>
  <datafield tag="520" ind1=" " ind2=" ">
    <subfield code="9">eng</subfield>
    <subfield code="a">We have conducted a survey research to measure the perception of Geneva working population regarding the importance of know-how and work experience in service production. The sample size is 678. Main findings indicate that know-how sharing is best made through day by day working and during meetings. Apparently, know-how makes each worker independent, however, knowledge management methods are neither enough developed nor encouraged: we risk losing know-how.</subfield>
  </datafield>
  <datafield tag="695" ind1=" " ind2=" ">
    <subfield code="9">fre</subfield>
    <subfield code="a">expertise ; savoir-faire ; sondage ; perception</subfield>
  </datafield>
  <datafield tag="695" ind1=" " ind2=" ">
    <subfield code="9">eng</subfield>
    <subfield code="a">know-how ; work experience ; survey ; perception</subfield>
  </datafield>
  <datafield tag="700" ind1=" " ind2=" ">
    <subfield code="a">Fragnière, Emmanuel</subfield>
    <subfield code="u">Haute école de gestion de Genève</subfield>
  </datafield>
  <datafield tag="700" ind1=" " ind2=" ">
    <subfield code="a">Hugentobler, Patricia</subfield>
    <subfield code="u">Haute école de gestion de Genève</subfield>
  </datafield>
  <datafield tag="700" ind1=" " ind2=" ">
    <subfield code="a">Tuberosa, Jean</subfield>
    <subfield code="u">Haute école de gestion de Genève</subfield>
  </datafield>
  <datafield tag="775" ind1=" " ind2=" ">
    <subfield code="o">http://www.hesge.ch/heg/crag/doc/pub_wp_ef_29112007.pdf</subfield>
    <subfield code="g">Autre accès</subfield>
  </datafield>
  <datafield tag="856" ind1="4" ind2=" ">
    <subfield code="f">2-08_Symposium07_cahier_recherche.pdf</subfield>
    <subfield code="q">application/pdf</subfield>
    <subfield code="s">319986</subfield>
    <subfield code="u">http://doc.rero.ch/record/9156/files/2-08_Symposium07_cahier_recherche.pdf</subfield>
    <subfield code="y">order:1</subfield>
    <subfield code="z">Texte intégral</subfield>
  </datafield>
  <datafield tag="918" ind1=" " ind2=" ">
    <subfield code="c">Centre de recherche appliquée en gestion (CRAG)</subfield>
  </datafield>
  <datafield tag="919" ind1=" " ind2=" ">
    <subfield code="a">Haute école de gestion de Genève</subfield>
    <subfield code="b">Genève</subfield>
    <subfield code="d">doc.support@rero.ch</subfield>
  </datafield>
  <datafield tag="980" ind1=" " ind2=" ">
    <subfield code="a">REPORT</subfield>
    <subfield code="b">HEGGE</subfield>
  </datafield>
  <datafield tag="990" ind1=" " ind2=" ">
    <subfield code="a">20080417144416-UK</subfield>
  </datafield>
</record>