
<record>
  <controlfield tag="001">9155</controlfield>
  <controlfield tag="005">20130225121925.0</controlfield>
  <datafield tag="024" ind1="8" ind2=" ">
    <subfield code="a">oai:doc.rero.ch:20080418141500-KM</subfield>
    <subfield code="p">report</subfield>
    <subfield code="p">rero_explore</subfield>
    <subfield code="z">dissertation</subfield>
    <subfield code="z">cdu1</subfield>
    <subfield code="z">preprint</subfield>
    <subfield code="z">hegge</subfield>
    <subfield code="z">cdu16</subfield>
    <subfield code="z">journal</subfield>
    <subfield code="z">book</subfield>
    <subfield code="z">thesis</subfield>
    <subfield code="z">cdu31</subfield>
    <subfield code="z">thesis_urn</subfield>
    <subfield code="z">cdu34</subfield>
    <subfield code="z">postprint</subfield>
  </datafield>
  <datafield tag="027" ind1=" " ind2=" ">
    <subfield code="a">HES-SO/HEG-GE/C--08/3/1--CH</subfield>
  </datafield>
  <datafield tag="041" ind1=" " ind2=" ">
    <subfield code="a">eng</subfield>
  </datafield>
  <datafield tag="080" ind1=" " ind2=" ">
    <subfield code="a">31</subfield>
  </datafield>
  <datafield tag="100" ind1=" " ind2=" ">
    <subfield code="a">Vi Cao, Nguyen</subfield>
    <subfield code="u">Haute école de gestion de Genève</subfield>
  </datafield>
  <datafield tag="245" ind1=" " ind2=" ">
    <subfield code="9">eng</subfield>
    <subfield code="a">Optimizing the marriage market through the reallocation of partners : an application of the linear assignment model</subfield>
    <subfield code="b">Cahier de recherche</subfield>
  </datafield>
  <datafield tag="269" ind1=" " ind2=" ">
    <subfield code="c">2008</subfield>
  </datafield>
  <datafield tag="300" ind1=" " ind2=" ">
    <subfield code="a">25</subfield>
  </datafield>
  <datafield tag="520" ind1=" " ind2=" ">
    <subfield code="9">fre</subfield>
    <subfield code="a">La recherche montre que le succès d’un mariage dépend d’éléments objectifs tels que la différence d’âge, la culture ou le niveau d’éducations des conjoints. Cet article propose une approche mathématique du mariage pour former les couples dans le but de baisser le taux de divorce. L’étude est basée sur un échantillon représentatif et longitudinal de 1074 couples mariés ou concubins vivant en Suisse. Nous avons estimé plusieurs fonctions objectives correspondant à l’âge, l’éducation, l’origine ethnique et les expériences de divorce concernant toutes les combinaisons possibles d’hommes et de femmes. Nos résultats montrent que l’état actuel des couples est bien au-dessous de l’optimum social. Environ 7 personnes sur 10 (68 %) sont attribués à un couple qui a une meilleur chance de survie que leur couple actuel. Cette attribution mène d’une situation initiale non optimale à une situation finale optimale avec une réduction de 21 % de la fonction objective.</subfield>
  </datafield>
  <datafield tag="520" ind1=" " ind2=" ">
    <subfield code="9">eng</subfield>
    <subfield code="a">Research shows that success of marriages and other intimate partnerships depend on objective attributes such as differences of age, cultural background or educational levels between partners. This article proposes a mathematical approach of marriage which intends to optimally allocate spouses in order to reduce the likelihood of divorce within the set of structural constraints defining a marriage market. Based on a representative and longitudinal sample of 1074 cohabitating and married couples living in Switzerland, we estimate various objective functions corresponding to age, education, ethnicity and previous divorce experience concerning every possible combination of men and women. Our results show that the current state of marriages or partnerships is well below the social optimum. About 7 individuals over 10 (68%) are reallocated to a couple with a higher chance of survival than the actual couple that they belong to. This reallocation leads the initial non optimal situations to the final optimal situations with a reduction of the objective function by 21% of its initial value.</subfield>
  </datafield>
  <datafield tag="695" ind1=" " ind2=" ">
    <subfield code="9">fre</subfield>
    <subfield code="a">Mariage ; divorce ; amélioration de couple ; étude de couples suisses</subfield>
  </datafield>
  <datafield tag="695" ind1=" " ind2=" ">
    <subfield code="9">eng</subfield>
    <subfield code="a">Marriage ; partnership ; divorce ; swiss couples study</subfield>
  </datafield>
  <datafield tag="700" ind1=" " ind2=" ">
    <subfield code="a">Fragnière, Emmanuel</subfield>
    <subfield code="u">Haute école de gestion de Genève</subfield>
  </datafield>
  <datafield tag="700" ind1=" " ind2=" ">
    <subfield code="a">Gauthier, Jacques-Antoine</subfield>
    <subfield code="u">Université de Lausanne</subfield>
  </datafield>
  <datafield tag="700" ind1=" " ind2=" ">
    <subfield code="a">Sapin, Marlène</subfield>
    <subfield code="u">Université de Lausanne et Université de Genève</subfield>
  </datafield>
  <datafield tag="700" ind1=" " ind2=" ">
    <subfield code="a">Widmer, Eric</subfield>
    <subfield code="u">Université de Genève</subfield>
  </datafield>
  <datafield tag="775" ind1=" " ind2=" ">
    <subfield code="o">http://www.hesge.ch/heg/crag/doc/pub_wp_ef_04032008.pdf</subfield>
    <subfield code="g">Autre accès</subfield>
  </datafield>
  <datafield tag="856" ind1="4" ind2=" ">
    <subfield code="f">3-08_Fragniere_cahier_recherche.pdf</subfield>
    <subfield code="q">application/pdf</subfield>
    <subfield code="s">185950</subfield>
    <subfield code="u">http://doc.rero.ch/record/9155/files/3-08_Fragniere_cahier_recherche.pdf</subfield>
    <subfield code="y">order:1</subfield>
    <subfield code="z">Texte intégral</subfield>
  </datafield>
  <datafield tag="918" ind1=" " ind2=" ">
    <subfield code="c">Centre de recherche appliquée en gestion (CRAG)</subfield>
  </datafield>
  <datafield tag="919" ind1=" " ind2=" ">
    <subfield code="a">Haute école de gestion de Genève</subfield>
    <subfield code="b">Genève</subfield>
    <subfield code="d">doc.support@rero.ch</subfield>
  </datafield>
  <datafield tag="980" ind1=" " ind2=" ">
    <subfield code="a">REPORT</subfield>
    <subfield code="b">HEGGE</subfield>
  </datafield>
  <datafield tag="990" ind1=" " ind2=" ">
    <subfield code="a">20080418141500-KM</subfield>
  </datafield>
</record>