
<record>
  <controlfield tag="001">9099</controlfield>
  <controlfield tag="005">20130211173045.0</controlfield>
  <datafield tag="024" ind1="8" ind2=" ">
    <subfield code="a">oai:doc.rero.ch:20080410093810-OU</subfield>
    <subfield code="p">dissertation</subfield>
    <subfield code="z">cdu1</subfield>
    <subfield code="z">preprint</subfield>
    <subfield code="z">hegge</subfield>
    <subfield code="z">cdu16</subfield>
    <subfield code="z">journal</subfield>
    <subfield code="z">book</subfield>
    <subfield code="z">cdu02</subfield>
    <subfield code="z">thesis</subfield>
    <subfield code="z">report</subfield>
    <subfield code="z">thesis_urn</subfield>
    <subfield code="z">cdu34</subfield>
    <subfield code="z">postprint</subfield>
  </datafield>
  <datafield tag="035" ind1=" " ind2=" ">
    <subfield code="a">R004669518</subfield>
  </datafield>
  <datafield tag="041" ind1=" " ind2=" ">
    <subfield code="a">fre</subfield>
  </datafield>
  <datafield tag="080" ind1=" " ind2=" ">
    <subfield code="a">02</subfield>
  </datafield>
  <datafield tag="100" ind1=" " ind2=" ">
    <subfield code="a">Dutheil, Séverine</subfield>
  </datafield>
  <datafield tag="245" ind1=" " ind2=" ">
    <subfield code="9">fre</subfield>
    <subfield code="a">Institut et Musée Voltaire</subfield>
    <subfield code="b">mise en place d'une formule d'audio-guide basée sur les NTIC</subfield>
  </datafield>
  <datafield tag="300" ind1=" " ind2=" ">
    <subfield code="a">2 vol.</subfield>
  </datafield>
  <datafield tag="502" ind1=" " ind2=" ">
    <subfield code="9">2007</subfield>
    <subfield code="a">Mémoire de diplôme HES : Haute école de gestion de Genève, 2007 ; TDB 2040</subfield>
  </datafield>
  <datafield tag="520" ind1=" " ind2=" ">
    <subfield code="9">fre</subfield>
    <subfield code="a">Dans le cadre de notre travail de diplôme, nous avons été chargées de réaliser un audio-guide utilisant les nouvelles technologies, afin de répondre, de la manière la plus adaptée possible, à la problématique spécifique de l’Institut et Musée Voltaire (IMV), et plus particulièrement de son exposition permanente. En effet, de fortes contraintes liées à la conservation des œuvres et à la décoration des salles dans lesquelles elles sont exposées, rendent impossible l’utilisation d’une signalétique traditionnelle.</subfield>
  </datafield>
  <datafield tag="695" ind1=" " ind2=" ">
    <subfield code="9">fre</subfield>
    <subfield code="a">audioguide ; podcasting ; marketing ; musée ; Institut et Musée Voltaire (Genève) ; </subfield>
  </datafield>
  <datafield tag="700" ind1=" " ind2=" ">
    <subfield code="a">Martin, Isabelle,</subfield>
  </datafield>
  <datafield tag="700" ind1=" " ind2=" ">
    <subfield code="a">Pernier, Sandrine</subfield>
  </datafield>
  <datafield tag="700" ind1=" " ind2=" ">
    <subfield code="a">Boder, Alexandre</subfield>
    <subfield code="e">Dir.</subfield>
  </datafield>
  <datafield tag="856" ind1="4" ind2=" ">
    <subfield code="f">Annexes_finales.pdf</subfield>
    <subfield code="q">application/pdf</subfield>
    <subfield code="s">714232</subfield>
    <subfield code="u">http://doc.rero.ch/record/9099/files/Annexes_finales.pdf</subfield>
    <subfield code="y">order:2</subfield>
    <subfield code="z">Annexes</subfield>
  </datafield>
  <datafield tag="856" ind1="4" ind2=" ">
    <subfield code="f">Memoire_final.pdf</subfield>
    <subfield code="q">application/pdf</subfield>
    <subfield code="s">845895</subfield>
    <subfield code="u">http://doc.rero.ch/record/9099/files/Memoire_final.pdf</subfield>
    <subfield code="y">order:1</subfield>
    <subfield code="z">Mémoire</subfield>
  </datafield>
  <datafield tag="918" ind1=" " ind2=" ">
    <subfield code="a">Haute école de gestion de Genève</subfield>
    <subfield code="c">Information documentaire</subfield>
    <subfield code="b">Campus de Battelle, Bâtiment F, 7 route de Drize, 1227 Carouge</subfield>
  </datafield>
  <datafield tag="919" ind1=" " ind2=" ">
    <subfield code="a">Haute école de gestion de Genève</subfield>
    <subfield code="b">Genève</subfield>
    <subfield code="d">doc.support@rero.ch</subfield>
  </datafield>
  <datafield tag="980" ind1=" " ind2=" ">
    <subfield code="a">DISSERTATION</subfield>
    <subfield code="b">HEGGE</subfield>
    <subfield code="f">DISS_BACHELOR</subfield>
  </datafield>
  <datafield tag="990" ind1=" " ind2=" ">
    <subfield code="a">20080410093810-OU</subfield>
  </datafield>
</record>