
<record>
  <controlfield tag="001">9014</controlfield>
  <controlfield tag="005">20131209145611.0</controlfield>
  <datafield tag="024" ind1="8" ind2=" ">
    <subfield code="a">oai:doc.rero.ch:20080327150452-GM</subfield>
    <subfield code="p">dissertation</subfield>
    <subfield code="p">rero_explore</subfield>
    <subfield code="p">cdu33</subfield>
    <subfield code="p">infonet_economy</subfield>
    <subfield code="z">cdu1</subfield>
    <subfield code="z">preprint</subfield>
    <subfield code="z">hegge</subfield>
    <subfield code="z">cdu16</subfield>
    <subfield code="z">journal</subfield>
    <subfield code="z">book</subfield>
    <subfield code="z">thesis</subfield>
    <subfield code="z">report</subfield>
    <subfield code="z">thesis_urn</subfield>
    <subfield code="z">cdu34</subfield>
    <subfield code="z">postprint</subfield>
  </datafield>
  <datafield tag="041" ind1=" " ind2=" ">
    <subfield code="a">fre</subfield>
  </datafield>
  <datafield tag="080" ind1=" " ind2=" ">
    <subfield code="a">33</subfield>
  </datafield>
  <datafield tag="100" ind1=" " ind2=" ">
    <subfield code="a">Zaugg, Anthony</subfield>
  </datafield>
  <datafield tag="245" ind1=" " ind2=" ">
    <subfield code="9">fre</subfield>
    <subfield code="a">Etude de faisabilité d'introduction d'un guide touristique axé citoyen dans le contexte genevois</subfield>
  </datafield>
  <datafield tag="300" ind1=" " ind2=" ">
    <subfield code="a">108 p.</subfield>
  </datafield>
  <datafield tag="502" ind1=" " ind2=" ">
    <subfield code="9">2007</subfield>
    <subfield code="a">Mémoire de diplôme HES : Haute école de gestion de Genève, 2007 ; TDEE 56</subfield>
  </datafield>
  <datafield tag="520" ind1=" " ind2=" ">
    <subfield code="9">fre</subfield>
    <subfield code="a">Nous sommes une association de bénévoles qui a décidé d’étudier la faisabilité d’introduction d’un guide « touristique » destiné aux concitoyens dans le contexte genevois dès 2009. L’objectif de cet ouvrage est de palier à une difficulté d’accès à l’information concernant tous les lieux et activités que nous offre la Ville de Genève. En effet, nous désirons faire apparaître les rubriques suivantes : Infos pratiques, Loisirs, Culture, Restaurant, Sorties nocturnes, Petit plaisir, Utile afin d’offrir au lecteur une vaste palette de choix d’activités. Pour ce faire, nous avons formulé des hypothèses découlant de questions que nous nous posions et qui, une fois les réponses trouvées, nous ont permis d’affirmer l’existence du problème précité. Pour arriver à ce constat, nous avons dû travailler en deux étapes qui représentent les grandes parties de ce dossier. Tout d’abord, nous avons effectué un travail de recherches caractérisé par une analyse interne de l’association, une analyse externe du marché genevois et une étude de terrain par sondages pour vérifier nos impressions et définir plus précisément les attentes de la population. Cette première partie nous a permis de définir nos axes stratégiques sur lesquels nous allions tabler pour pénétrer le marché et concrétiser notre produit. Ensuite, nous sommes passé à une partie plus pratique qui a eu pour objet de mettre en place tous les éléments concrets de création du guide, du choix du support jusqu’aux engagements publicitaires de la première édition en passant par la réalisation physique d’une maquette appropriée à la personnalité du contexte genevois. Finalement, nous avons pu en conclure que notre désir de mettre sur pied cet ouvrage était réalisable avec une projection de 2800 pièces dès la première année accompagnée d’un site Internet pour offrir une plus grande capacité de consultation. Ce chiffre peut paraître petit pour une ville comme Genève qui compte plus de 450'000 habitants, mais une fois rapporté aux nombres de ménages, cela représente tout de même un ouvrage pour une trentaine de foyer correspondant ainsi à la production espérée.</subfield>
  </datafield>
  <datafield tag="695" ind1=" " ind2=" ">
    <subfield code="9">fre</subfield>
    <subfield code="a">guide touristique ; Genève ; étude de faisabilité</subfield>
  </datafield>
  <datafield tag="700" ind1=" " ind2=" ">
    <subfield code="a">Mathelier, Guillaume</subfield>
    <subfield code="e">Dir.</subfield>
  </datafield>
  <datafield tag="856" ind1="4" ind2=" ">
    <subfield code="f">Travail_de_dipl_me_2007_Anthony_ZAUGG.pdf</subfield>
    <subfield code="q">application/pdf</subfield>
    <subfield code="s">2624952</subfield>
    <subfield code="u">http://doc.rero.ch/record/9014/files/Travail_de_dipl_me_2007_Anthony_ZAUGG.pdf</subfield>
    <subfield code="y">order:1</subfield>
    <subfield code="z">Mémoire</subfield>
  </datafield>
  <datafield tag="918" ind1=" " ind2=" ">
    <subfield code="a">Haute école de gestion de Genève</subfield>
    <subfield code="c">Economie d'entreprise</subfield>
    <subfield code="b">Campus de Battelle, Bâtiment F, 7 route de Drize, 1227 Carouge</subfield>
  </datafield>
  <datafield tag="919" ind1=" " ind2=" ">
    <subfield code="a">Haute école de gestion de Genève</subfield>
    <subfield code="b">Genève</subfield>
    <subfield code="d">doc.support@rero.ch</subfield>
  </datafield>
  <datafield tag="980" ind1=" " ind2=" ">
    <subfield code="a">DISSERTATION</subfield>
    <subfield code="b">HEGGE</subfield>
    <subfield code="f">DISS_BACHELOR</subfield>
  </datafield>
  <datafield tag="990" ind1=" " ind2=" ">
    <subfield code="a">20080327150452-GM</subfield>
  </datafield>
</record>