
<record>
  <controlfield tag="001">9013</controlfield>
  <controlfield tag="005">20131209145611.0</controlfield>
  <datafield tag="024" ind1="8" ind2=" ">
    <subfield code="a">oai:doc.rero.ch:20080327145747-YI</subfield>
    <subfield code="p">dissertation</subfield>
    <subfield code="p">rero_explore</subfield>
    <subfield code="p">cdu33</subfield>
    <subfield code="p">infonet_economy</subfield>
    <subfield code="z">cdu1</subfield>
    <subfield code="z">preprint</subfield>
    <subfield code="z">hegge</subfield>
    <subfield code="z">cdu16</subfield>
    <subfield code="z">journal</subfield>
    <subfield code="z">book</subfield>
    <subfield code="z">thesis</subfield>
    <subfield code="z">report</subfield>
    <subfield code="z">thesis_urn</subfield>
    <subfield code="z">cdu34</subfield>
    <subfield code="z">postprint</subfield>
  </datafield>
  <datafield tag="041" ind1=" " ind2=" ">
    <subfield code="a">fre</subfield>
  </datafield>
  <datafield tag="080" ind1=" " ind2=" ">
    <subfield code="a">33</subfield>
  </datafield>
  <datafield tag="100" ind1=" " ind2=" ">
    <subfield code="a">Wyssen, Olivier</subfield>
  </datafield>
  <datafield tag="245" ind1=" " ind2=" ">
    <subfield code="9">fre</subfield>
    <subfield code="a">La microfinance doit-elle être subventionnée ?</subfield>
  </datafield>
  <datafield tag="300" ind1=" " ind2=" ">
    <subfield code="a">83 p.</subfield>
  </datafield>
  <datafield tag="502" ind1=" " ind2=" ">
    <subfield code="9">2007</subfield>
    <subfield code="a">Mémoire de diplôme HES : Haute école de gestion de Genève, 2007 ; TDEE 55</subfield>
  </datafield>
  <datafield tag="520" ind1=" " ind2=" ">
    <subfield code="9">fre</subfield>
    <subfield code="a">Ce travail de diplôme tente d’apporter une réponse sur la nécessité ou non des institutions de microfinance à être subventionnée. Il parcourt le marché du crédit pour en assimiler les bases théoriques qui sont notamment le problème d’asymétrie d’information. Cette asymétrie oblige les banques à évincer les emprunteurs pauvres considérés comme trop risqués car ne présentant aucune garantie. La microfinance vient alors réduire cette discrimination en remplaçant cette carence en garantie par des outils alternatifs et adaptés à la situation locale. En particulier par le concept du prêt de groupe qui mutualise les risques entre emprunteurs. De surcroit, la microfinance ne fait pas que d’apporter des outils alternatifs et adaptés au marché local mais apporte aussi réellement des effets bénéfiques pour la société, dont les plus importants sont la réduction des inégalités et de l’exclusion du système bancaire des populations démunies. De plus, elle fait partie intégrante des vastes programmes de lutte contre la pauvreté lancés par des organismes tel que le FMI, la Banque mondiale ou encore l’ONU. A savoir si elle répond réellement à un besoin lattant, le constat de la considérable croissance du secteur de la microfinance en dix ans est éloquent. Malgré cela, les objectifs sociaux des institutions de microfinance leur permettent difficilement d’atteindre une certaine rentabilité ce qui les obligent à être constamment subventionnées par des ONG et ou des organisations multi ou bilatérales. Ainsi, les débats sont récurrents entre les partisans du subventionnement et ceux qui privilégient l’absence de toutes interventions externes. En effet, certains programmes de subventionnement se sont révélés très vite catastrophiques ce qui a porté un sérieux doute sur leurs efficacités. D’un autre côté, certaines institutions de microfinance, fortement subventionnées durant leur cycle de vie, sont arrivées à ne plus en dépendre en traitant uniquement avec des investisseurs privés. De ce fait, si elles n’avaient pas pu bénéficier d’aides pendant ces phases critiques, elles ne pourraient pas arriver à ce stade et prouver au monde entier que la microfinance peut être rentable tout en ciblant les populations les plus pauvres. Des subventions positives sont par exemples la faculté de comprendre que des personnes, aux besoins fondamentaux absents, ont davantage besoins de dons alimentaires que de pouvoir contracter un emprunt. Mas ce sont aussi les aides qui empêchent de répercuter les coûts élevés des institutions naissantes sur leurs clients, celles qui subventionnent explicitement les pauvres qui contractent des prêts de petites tailles aux frais fixes importants que l’IMF n’arrive pas à couvrir, ou encore celles qui encourages le marché commercial à s’intéresser à la microfinance. En s’appuyant sur diverses analyses personnelles et sur celle de la littérature, les subventions au sein de la microfinance se dévoilent comme un puissant vecteur d’orientation vers les populations les plus pauvres, vers la rentabilité et l’efficience tout en apportant un regain considérable dans l’amélioration et le développement de la société.</subfield>
  </datafield>
  <datafield tag="695" ind1=" " ind2=" ">
    <subfield code="9">fre</subfield>
    <subfield code="a">microfinance ; subvention</subfield>
  </datafield>
  <datafield tag="700" ind1=" " ind2=" ">
    <subfield code="a">Ferro Luzzi, Giovanni</subfield>
    <subfield code="e">Dir.</subfield>
  </datafield>
  <datafield tag="856" ind1="4" ind2=" ">
    <subfield code="f">wyssen.pdf</subfield>
    <subfield code="q">application/pdf</subfield>
    <subfield code="s">580461</subfield>
    <subfield code="u">http://doc.rero.ch/record/9013/files/wyssen.pdf</subfield>
    <subfield code="y">order:1</subfield>
    <subfield code="z">Mémoire</subfield>
  </datafield>
  <datafield tag="918" ind1=" " ind2=" ">
    <subfield code="a">Haute école de gestion de Genève</subfield>
    <subfield code="c">Economie d'entreprise</subfield>
    <subfield code="b">Campus de Battelle, Bâtiment F, 7 route de Drize, 1227 Carouge</subfield>
  </datafield>
  <datafield tag="919" ind1=" " ind2=" ">
    <subfield code="a">Haute école de gestion de Genève</subfield>
    <subfield code="b">Genève</subfield>
    <subfield code="d">doc.support@rero.ch</subfield>
  </datafield>
  <datafield tag="980" ind1=" " ind2=" ">
    <subfield code="a">DISSERTATION</subfield>
    <subfield code="b">HEGGE</subfield>
    <subfield code="f">DISS_BACHELOR</subfield>
  </datafield>
  <datafield tag="990" ind1=" " ind2=" ">
    <subfield code="a">20080327145747-YI</subfield>
  </datafield>
</record>