
<record>
  <controlfield tag="001">9009</controlfield>
  <controlfield tag="005">20131209145610.0</controlfield>
  <datafield tag="024" ind1="8" ind2=" ">
    <subfield code="a">oai:doc.rero.ch:20080327141218-LY</subfield>
    <subfield code="p">dissertation</subfield>
    <subfield code="p">rero_explore</subfield>
    <subfield code="p">cdu33</subfield>
    <subfield code="p">infonet_economy</subfield>
    <subfield code="z">cdu1</subfield>
    <subfield code="z">preprint</subfield>
    <subfield code="z">hegge</subfield>
    <subfield code="z">cdu16</subfield>
    <subfield code="z">journal</subfield>
    <subfield code="z">book</subfield>
    <subfield code="z">thesis</subfield>
    <subfield code="z">report</subfield>
    <subfield code="z">thesis_urn</subfield>
    <subfield code="z">cdu34</subfield>
    <subfield code="z">postprint</subfield>
  </datafield>
  <datafield tag="041" ind1=" " ind2=" ">
    <subfield code="a">fre</subfield>
  </datafield>
  <datafield tag="080" ind1=" " ind2=" ">
    <subfield code="a">33</subfield>
  </datafield>
  <datafield tag="100" ind1=" " ind2=" ">
    <subfield code="a">Maniema, Muaka</subfield>
  </datafield>
  <datafield tag="245" ind1=" " ind2=" ">
    <subfield code="9">fre</subfield>
    <subfield code="a">Loi sur la prévoyance professionnelle</subfield>
    <subfield code="b">incidences des directives de placement sur la rentabilité des fonds de pension</subfield>
  </datafield>
  <datafield tag="300" ind1=" " ind2=" ">
    <subfield code="a">63 p.</subfield>
  </datafield>
  <datafield tag="502" ind1=" " ind2=" ">
    <subfield code="9">2007</subfield>
    <subfield code="a">Mémoire de diplôme HES : Haute école de gestion de Genève, 2007 ; TDEE 50</subfield>
  </datafield>
  <datafield tag="520" ind1=" " ind2=" ">
    <subfield code="9">fre</subfield>
    <subfield code="a">Notre problématique s’inspire des directives légales de placement, qui visent à réglementer la politique d’investissement des fonds issus de la prévoyance professionnelle, à travers des limites et des catégories de placement. Nous avons dans notre étude, effectué une analyse à la fois qualitative et quantitative des incidences de ces applications légales, sur la gestion financière des fonds de pension. Pour ce faire, nous avons évalué les avantages et les désavantages de cette loi, face aux exigences de la théorie financière et à la réalité sociale et économique des marchés. Partant du fait que l’objectif poursuivi par le législateur à travers cette loi était de garantir la viabilité du système suisse de prévoyance professionnelle, de mettre l’accent sur la sécurité des investissements et de protéger les assurés contre les risques liés à la gestion financière, nous avons tenté d’apporter la démonstration que l’atteinte de ces objectifs était mise en péril par cette même loi. En effet, pour répondre aux bouleversements sociaux et économiques qui caractérisent notre époque, nous avons à travers notre étude mis en évidence les incohérences existant, entre l’application d’une réglementation qui oblige nos fonds de pension à pratiquer une politique d’investissement quasi inerte, et la nécessité ainsi que l’obligation de flexibilité exigées actuellement par la gestion financière. Vous trouverez donc dans ce travail, quelques ébauches de solution pouvant servir de base de réflexion, afin d’apporter plus de dynamisme et de rentabilité à nos fonds de pension.</subfield>
  </datafield>
  <datafield tag="695" ind1=" " ind2=" ">
    <subfield code="9">fre</subfield>
    <subfield code="a">prévoyance professionnelle ; caisse de pension ; fonds de placement</subfield>
  </datafield>
  <datafield tag="700" ind1=" " ind2=" ">
    <subfield code="a">Walle, Arnaud</subfield>
    <subfield code="e">Dir.</subfield>
  </datafield>
  <datafield tag="856" ind1="4" ind2=" ">
    <subfield code="f">TD_version_finale.pdf</subfield>
    <subfield code="q">application/pdf</subfield>
    <subfield code="s">728655</subfield>
    <subfield code="u">http://doc.rero.ch/record/9009/files/TD_version_finale.pdf</subfield>
    <subfield code="y">order:1</subfield>
    <subfield code="z">Mémoire</subfield>
  </datafield>
  <datafield tag="918" ind1=" " ind2=" ">
    <subfield code="a">Haute école de gestion de Genève</subfield>
    <subfield code="c">Economie d'entreprise</subfield>
    <subfield code="b">Campus de Battelle, Bâtiment F, 7 route de Drize, 1227 Carouge</subfield>
  </datafield>
  <datafield tag="919" ind1=" " ind2=" ">
    <subfield code="a">Haute école de gestion de Genève</subfield>
    <subfield code="b">Genève</subfield>
    <subfield code="d">doc.support@rero.ch</subfield>
  </datafield>
  <datafield tag="980" ind1=" " ind2=" ">
    <subfield code="a">DISSERTATION</subfield>
    <subfield code="b">HEGGE</subfield>
    <subfield code="f">DISS_BACHELOR</subfield>
  </datafield>
  <datafield tag="990" ind1=" " ind2=" ">
    <subfield code="a">20080327141218-LY</subfield>
  </datafield>
</record>