
<record>
  <controlfield tag="001">9008</controlfield>
  <controlfield tag="005">20131209145610.0</controlfield>
  <datafield tag="024" ind1="8" ind2=" ">
    <subfield code="a">oai:doc.rero.ch:20080327140726-SY</subfield>
    <subfield code="p">dissertation</subfield>
    <subfield code="p">rero_explore</subfield>
    <subfield code="p">cdu33</subfield>
    <subfield code="p">infonet_economy</subfield>
    <subfield code="z">cdu1</subfield>
    <subfield code="z">preprint</subfield>
    <subfield code="z">hegge</subfield>
    <subfield code="z">cdu16</subfield>
    <subfield code="z">journal</subfield>
    <subfield code="z">book</subfield>
    <subfield code="z">thesis</subfield>
    <subfield code="z">report</subfield>
    <subfield code="z">thesis_urn</subfield>
    <subfield code="z">cdu34</subfield>
    <subfield code="z">postprint</subfield>
  </datafield>
  <datafield tag="041" ind1=" " ind2=" ">
    <subfield code="a">fre</subfield>
  </datafield>
  <datafield tag="080" ind1=" " ind2=" ">
    <subfield code="a">33</subfield>
  </datafield>
  <datafield tag="100" ind1=" " ind2=" ">
    <subfield code="a">Lacôte, Thierry</subfield>
  </datafield>
  <datafield tag="245" ind1=" " ind2=" ">
    <subfield code="9">fre</subfield>
    <subfield code="a">Analyse de la presse quotidienne gratuite et payante</subfield>
  </datafield>
  <datafield tag="300" ind1=" " ind2=" ">
    <subfield code="a">67 p.</subfield>
  </datafield>
  <datafield tag="502" ind1=" " ind2=" ">
    <subfield code="9">2007</subfield>
    <subfield code="a">Mémoire de diplôme HES : Haute école de gestion de Genève, 2007 ; TDEE 49</subfield>
  </datafield>
  <datafield tag="520" ind1=" " ind2=" ">
    <subfield code="9">fre</subfield>
    <subfield code="a">Mon choix s’est porté sur le thème des quotidiens gratuits et payants. Ce sujet d’actualité, directement lié à l’économie, est un phénomène nouveau encore peu analysé. Le but de ce travail de diplôme est d’analyser le marché de la presse dans sa globalité. La méthodologie fut de faire un zoom, partant des la presse étrangère pour finir sur le marché Suisse romand. Dans un premier temps, l’analyse est purement ciblée sur les quotidiens étrangers. Les premières grandes conclusions sont que les gratuits s’avèrent être un nouveau média avec une structure et une cible différentes. Les phénomènes de duplication avec la presse payante sont faibles. Toutefois son impact est visible, notamment avec les payants « populaires ». La venue des gratuits a développé le marché des annonceurs. La forte différenciation de positionnement existante avec les payants créé un marché plus complémentaire que concurrentiel. Par la suite, l’analyse se concentre à la Suisse. Depuis des années, la presse helvétique s’est considérablement appauvrie. Ce constat alarmant est le fait de puissants groupes financiers qui contrôlent le paysage médiatique. Ces principaux groupes sont Edipresse et Ringier. Cette perte de diversification est notable lors de la disparition du « Journal de Genève » et de la « Gazette de Lausanne », qui, avec la fusion du « Nouveau Quotidien », donnera naissance au quotidien « Le Temps ». Le seul organisme capable de contrer ces deux mastodontes est La ComCo (commission de la concurrence). Son but, sur ce marché, est d’éviter une trop forte concentration de ces groupes qui mettrait en péril les principes de la concurrence. Toutefois, aucun organisme est à même de s’imposer sur le plan intellectuel afin de freiner l’uniformisation des informations. L’aspect structurel du marché sera alors abordé. Les coûts fixes très élevés sont principalement constitués des charges du personnel. L’étude sur les salaires fait ressortir, dans certains cas, une régression salariale préoccupante au cours des deux dernières années. Les revenus publicitaires représentent une grande proportion du chiffre d’affaire, voire l’essentiel pour les gratuits. Les recettes sont en nette progression ces dernières années. La principale explication est une bonne reprise conjoncturelle qui entraîne une multitude d’offres d’emploi dans les journaux. Ces offres étant plus nombreuses, les recettes gonflent. Dans la partie consacrée au côté statistique, il est possible de voir, grâce aux différents graphiques, la prise de pouvoir des gratuits au détriment des payants. Pour finir, un chapitre évoquant les divergences existantes entre ces deux types de quotidiens, lesquels, en apparence, semblent très proches, mais dès que l’on affine l’analyse, les traits de caractères surgissent.</subfield>
  </datafield>
  <datafield tag="695" ind1=" " ind2=" ">
    <subfield code="9">fre</subfield>
    <subfield code="a">presse gratuite ; presse quotidienne</subfield>
  </datafield>
  <datafield tag="700" ind1=" " ind2=" ">
    <subfield code="a">Ramirez, José</subfield>
    <subfield code="e">Dir.</subfield>
  </datafield>
  <datafield tag="856" ind1="4" ind2=" ">
    <subfield code="f">lacote.pdf</subfield>
    <subfield code="q">application/pdf</subfield>
    <subfield code="s">952551</subfield>
    <subfield code="u">http://doc.rero.ch/record/9008/files/lacote.pdf</subfield>
    <subfield code="y">order:1</subfield>
    <subfield code="z">Mémoire</subfield>
  </datafield>
  <datafield tag="918" ind1=" " ind2=" ">
    <subfield code="a">Haute école de gestion de Genève</subfield>
    <subfield code="c">Economie d'entreprise</subfield>
    <subfield code="b">Campus de Battelle, Bâtiment F, 7 route de Drize, 1227 Carouge</subfield>
  </datafield>
  <datafield tag="919" ind1=" " ind2=" ">
    <subfield code="a">Haute école de gestion de Genève</subfield>
    <subfield code="b">Genève</subfield>
    <subfield code="d">doc.support@rero.ch</subfield>
  </datafield>
  <datafield tag="980" ind1=" " ind2=" ">
    <subfield code="a">DISSERTATION</subfield>
    <subfield code="b">HEGGE</subfield>
    <subfield code="f">DISS_BACHELOR</subfield>
  </datafield>
  <datafield tag="990" ind1=" " ind2=" ">
    <subfield code="a">20080327140726-SY</subfield>
  </datafield>
</record>