
<record>
  <controlfield tag="001">9007</controlfield>
  <controlfield tag="005">20131209145610.0</controlfield>
  <datafield tag="024" ind1="8" ind2=" ">
    <subfield code="a">oai:doc.rero.ch:20080327135944-NO</subfield>
    <subfield code="p">dissertation</subfield>
    <subfield code="p">rero_explore</subfield>
    <subfield code="p">cdu33</subfield>
    <subfield code="p">infonet_economy</subfield>
    <subfield code="z">cdu1</subfield>
    <subfield code="z">preprint</subfield>
    <subfield code="z">hegge</subfield>
    <subfield code="z">cdu16</subfield>
    <subfield code="z">journal</subfield>
    <subfield code="z">book</subfield>
    <subfield code="z">thesis</subfield>
    <subfield code="z">report</subfield>
    <subfield code="z">thesis_urn</subfield>
    <subfield code="z">cdu34</subfield>
    <subfield code="z">postprint</subfield>
  </datafield>
  <datafield tag="041" ind1=" " ind2=" ">
    <subfield code="a">fre</subfield>
  </datafield>
  <datafield tag="080" ind1=" " ind2=" ">
    <subfield code="a">33</subfield>
  </datafield>
  <datafield tag="100" ind1=" " ind2=" ">
    <subfield code="a">Jurado, Viviana</subfield>
  </datafield>
  <datafield tag="245" ind1=" " ind2=" ">
    <subfield code="9">fre</subfield>
    <subfield code="a">L'influence des valeurs culturelles dans les négociations commerciales entre les PME mexicaines et les entreprises américaines</subfield>
  </datafield>
  <datafield tag="300" ind1=" " ind2=" ">
    <subfield code="a">81 p.</subfield>
  </datafield>
  <datafield tag="502" ind1=" " ind2=" ">
    <subfield code="9">2007</subfield>
    <subfield code="a">Mémoire de diplôme HES : Haute école de gestion de Genève, 2007 ; TDEE 48</subfield>
  </datafield>
  <datafield tag="520" ind1=" " ind2=" ">
    <subfield code="9">fre</subfield>
    <subfield code="a">Dans le but de montrer que la culture joue un rôle très important dans les négociations commerciales, nous avons réalisé cette étude qui portera sur l’influence des valeurs culturelles dans les négociations commerciales entre les PME mexicaines d’importation et exportation et les entreprises étrangères principalement les entreprises américaines.  Nous avons posé deux hypothèses pour cette enquête, d’abord, la connaissance des valeurs culturelles mexicaines favorise-t-elle la conclusion d’un accord commercial ?, ou bien la méconnaissance des valeurs culturelles mexicaines mène-t-elle à des échecs dans les négociations commerciales ? Par le biais d’un questionnaire dirigé à des entrepreneurs mexicains de PME, nous confirmeront ces hypothèses en analysant d’abord l’influence des variables culturelles que les entrepreneurs mexicains considèrent comme importantes et que les entrepreneurs étrangers, principalement les Etats-Unis, doivent prendre en compte lors des affaires commerciales. Nous avons choisi les Etats-Unis pour notre étude car ils constituent un partenaire économique privilégié avec lequel le Mexique a des frontières communes sur plus de 3,200 kilomètres. Cette situation géographique a permis aux deux nations d’avoir des liens étroits en matière économique, commerciale, politique et culturelle. Nous analysons ainsi quelques concepts appliqués à cette étude, tels que, les facteurs culturels qui affectent les négociations d’affaires et les éléments culturels propre à une négociation commerciale. Ceci nous permettra de confirmer notre analyse et de connaître l’intérêt qu’il y a à négocier en tenant compte des facteurs culturels afin de développer une négociation commerciale de qualité et de succès. Après notre analyse, nous avons obtenu les résultats suivants : 70% des entrepreneurs mexicains qui ont répondu à notre enquête confirment que la connaissance de la culture favorise la conclusion d’un accord commercial donc un succès dans les négociations. 15% par contre affirment que la méconnaissance des valeurs culturelles des entrepreneurs mexicains mène à des échecs dans les négociations commerciales. Ensuite, nous aboutissons à des conclusions par lesquelles nous interprétons l’analyse faite concernant l’influence de la culture dans les négociations commerciales. Et finalement, nous proposons un bref guide d’information pour les négociations commerciales à l’attention principalement des entreprises américaines et par extension aux autres entreprises étrangères qui souhaiteraient réaliser des affaires commerciales avec les entrepreneurs mexicains.</subfield>
  </datafield>
  <datafield tag="695" ind1=" " ind2=" ">
    <subfield code="9">fre</subfield>
    <subfield code="a">négociations commerciales ; relations interculturelles ; entreprise ; Mexique ; Etats-Unis</subfield>
  </datafield>
  <datafield tag="700" ind1=" " ind2=" ">
    <subfield code="a">Brender, Nathalie</subfield>
    <subfield code="e">Dir.</subfield>
  </datafield>
  <datafield tag="856" ind1="4" ind2=" ">
    <subfield code="f">TRAVAIL_DE_DIPLOME_2007_VIVIANA_JURADO_Version_OK.pdf</subfield>
    <subfield code="q">application/pdf</subfield>
    <subfield code="s">1604302</subfield>
    <subfield code="u">http://doc.rero.ch/record/9007/files/TRAVAIL_DE_DIPLOME_2007_VIVIANA_JURADO_Version_OK.pdf</subfield>
    <subfield code="y">order:1</subfield>
    <subfield code="z">Mémoire</subfield>
  </datafield>
  <datafield tag="918" ind1=" " ind2=" ">
    <subfield code="a">Haute école de gestion de Genève</subfield>
    <subfield code="c">Economie d'entreprise</subfield>
    <subfield code="b">Campus de Battelle, Bâtiment F, 7 route de Drize, 1227 Carouge</subfield>
  </datafield>
  <datafield tag="919" ind1=" " ind2=" ">
    <subfield code="a">Haute école de gestion de Genève</subfield>
    <subfield code="b">Genève</subfield>
    <subfield code="d">doc.support@rero.ch</subfield>
  </datafield>
  <datafield tag="980" ind1=" " ind2=" ">
    <subfield code="a">DISSERTATION</subfield>
    <subfield code="b">HEGGE</subfield>
    <subfield code="f">DISS_BACHELOR</subfield>
  </datafield>
  <datafield tag="990" ind1=" " ind2=" ">
    <subfield code="a">20080327135944-NO</subfield>
  </datafield>
</record>