
<record>
  <controlfield tag="001">9006</controlfield>
  <controlfield tag="005">20131209145610.0</controlfield>
  <datafield tag="024" ind1="8" ind2=" ">
    <subfield code="a">oai:doc.rero.ch:20080327135124-JV</subfield>
    <subfield code="p">dissertation</subfield>
    <subfield code="p">rero_explore</subfield>
    <subfield code="p">cdu33</subfield>
    <subfield code="p">infonet_economy</subfield>
    <subfield code="z">cdu1</subfield>
    <subfield code="z">preprint</subfield>
    <subfield code="z">hegge</subfield>
    <subfield code="z">cdu16</subfield>
    <subfield code="z">journal</subfield>
    <subfield code="z">book</subfield>
    <subfield code="z">thesis</subfield>
    <subfield code="z">report</subfield>
    <subfield code="z">thesis_urn</subfield>
    <subfield code="z">cdu34</subfield>
    <subfield code="z">postprint</subfield>
  </datafield>
  <datafield tag="041" ind1=" " ind2=" ">
    <subfield code="a">fre</subfield>
  </datafield>
  <datafield tag="080" ind1=" " ind2=" ">
    <subfield code="a">33</subfield>
  </datafield>
  <datafield tag="100" ind1=" " ind2=" ">
    <subfield code="a">Infanger, Laurence</subfield>
  </datafield>
  <datafield tag="245" ind1=" " ind2=" ">
    <subfield code="9">fre</subfield>
    <subfield code="a">La détermination d'un loyer dans le canton de Genève</subfield>
  </datafield>
  <datafield tag="300" ind1=" " ind2=" ">
    <subfield code="a">112 p.</subfield>
  </datafield>
  <datafield tag="502" ind1=" " ind2=" ">
    <subfield code="9">2007</subfield>
    <subfield code="a">Mémoire de diplôme HES : Haute école de gestion de Genève, 2007 ; TDEE 47</subfield>
  </datafield>
  <datafield tag="520" ind1=" " ind2=" ">
    <subfield code="9">fre</subfield>
    <subfield code="a">Le travail de diplôme présente d’abord un tour d’horizon sur le marché suisse puis genevois du logement ainsi que les diverses problématiques s’y rapportant. Il présente par la suite les différents outils et méthodes d’évaluation d’un bien immobilier. Le marché de l’immobilier est un marché extrêmement réglementé au niveau fédéral et et surtout cantonal. Les grandes lignes du droit du bail ainsi que les bases et méthodes de fixation de loyers traditionnels sont expliquées dans ce rapport. L’objet principal de ce travail de diplôme est l’application de la méthode hédoniste dans la fixation des loyers. Cette méthode de calcul est confrontée aux autres outils utilisés dans la pratique, comme le calcul de rendement, l’état locatif projeté ou encore d’autres simulations à l’aide de sites Internet. Ce travail explique les fondements de la méthode hédoniste en l’appliquant à des états locatifs tirés de la pratique et lors d’une évaluation complète de logements effectuée dans la cité de Calvin. Les résultats de ces différentes analyses nous ont montré des disparités dans la fixation de loyer, principalement lorsqu’il s’agit de nouveaux baux. La méthode proposée, dans le présent travail, a des avantages et des inconvénients mais se définit comme une méthode d’évaluation plus objective dans le domaine immobilier.</subfield>
  </datafield>
  <datafield tag="695" ind1=" " ind2=" ">
    <subfield code="9">fre</subfield>
    <subfield code="a">logement ; prix ; fixation ; Genève (canton)</subfield>
  </datafield>
  <datafield tag="700" ind1=" " ind2=" ">
    <subfield code="a">Baranzini, Andrea</subfield>
    <subfield code="e">Dir.</subfield>
  </datafield>
  <datafield tag="856" ind1="4" ind2=" ">
    <subfield code="f">travail_de_dipl_me_HEG_-_Laurence_Infanger_2.11.2007_new.pdf</subfield>
    <subfield code="q">application/pdf</subfield>
    <subfield code="s">2005154</subfield>
    <subfield code="u">http://doc.rero.ch/record/9006/files/travail_de_dipl_me_HEG_-_Laurence_Infanger_2.11.2007_new.pdf</subfield>
    <subfield code="y">order:1</subfield>
    <subfield code="z">Mémoire</subfield>
  </datafield>
  <datafield tag="918" ind1=" " ind2=" ">
    <subfield code="a">Haute école de gestion de Genève</subfield>
    <subfield code="c">Economie d'entreprise</subfield>
    <subfield code="b">Campus de Battelle, Bâtiment F, 7 route de Drize, 1227 Carouge</subfield>
  </datafield>
  <datafield tag="919" ind1=" " ind2=" ">
    <subfield code="a">Haute école de gestion de Genève</subfield>
    <subfield code="b">Genève</subfield>
    <subfield code="d">doc.support@rero.ch</subfield>
  </datafield>
  <datafield tag="980" ind1=" " ind2=" ">
    <subfield code="a">DISSERTATION</subfield>
    <subfield code="b">HEGGE</subfield>
    <subfield code="f">DISS_BACHELOR</subfield>
  </datafield>
  <datafield tag="990" ind1=" " ind2=" ">
    <subfield code="a">20080327135124-JV</subfield>
  </datafield>
</record>