
<record>
  <controlfield tag="001">9005</controlfield>
  <controlfield tag="005">20131209145610.0</controlfield>
  <datafield tag="024" ind1="8" ind2=" ">
    <subfield code="a">oai:doc.rero.ch:20080327134326-XA</subfield>
    <subfield code="p">dissertation</subfield>
    <subfield code="p">rero_explore</subfield>
    <subfield code="p">cdu33</subfield>
    <subfield code="p">infonet_economy</subfield>
    <subfield code="z">cdu1</subfield>
    <subfield code="z">preprint</subfield>
    <subfield code="z">hegge</subfield>
    <subfield code="z">cdu16</subfield>
    <subfield code="z">journal</subfield>
    <subfield code="z">book</subfield>
    <subfield code="z">thesis</subfield>
    <subfield code="z">report</subfield>
    <subfield code="z">thesis_urn</subfield>
    <subfield code="z">cdu34</subfield>
    <subfield code="z">postprint</subfield>
  </datafield>
  <datafield tag="041" ind1=" " ind2=" ">
    <subfield code="a">fre</subfield>
  </datafield>
  <datafield tag="080" ind1=" " ind2=" ">
    <subfield code="a">33</subfield>
  </datafield>
  <datafield tag="100" ind1=" " ind2=" ">
    <subfield code="a">Hyde, Fabienne</subfield>
  </datafield>
  <datafield tag="245" ind1=" " ind2=" ">
    <subfield code="9">fre</subfield>
    <subfield code="a">Les problèmes de reconnaissances des prestations des physiothérapeutes, les effets à long terme sur l'offre, la demande et la formation à Genève</subfield>
  </datafield>
  <datafield tag="300" ind1=" " ind2=" ">
    <subfield code="a">89 p.</subfield>
  </datafield>
  <datafield tag="502" ind1=" " ind2=" ">
    <subfield code="9">2007</subfield>
    <subfield code="a">Mémoire de diplôme HES : Haute école de gestion de Genève, 2007 ; TDEE 46</subfield>
  </datafield>
  <datafield tag="520" ind1=" " ind2=" ">
    <subfield code="9">fre</subfield>
    <subfield code="a">Les physiothérapeutes genevois rencontrent de nombreuses difficultés concernant la reconnaissance de leurs prestations, principalement par les assurances. En effet, les assurances-maladie, qui veulent et doivent sans cesse diminuer leurs coûts totaux, amoindrissent le nombre de remboursements accordés. Cette diminution se traduit par des restrictions sur le nombre de séances remboursées ainsi que par une augmentation des vérifications relatives aux prescriptions et à leurs nécessités. Ces effets ont pour cause une diminution du nombre de traitements effectués. De plus, le coût de la vie, ainsi que les charges d’un cabinet sont en constante évolution. Les physiothérapeutes doivent donc supporter une diminution de leur chiffre d’affaire. A la suite de recherches plus approfondies sur le marché de la physiothérapie genevoise, plusieurs scénarii sur l’avenir de ce marché ont été envisagés : aucun changement, une modification de la valeur du point, un changement de tiers-payant à tiers-garant, l’implantation de la plateforme « TrustCenter » et la création de commissions spécialisées de physiothérapie. Chacun de ces scénario a été approfondi par rapport à l’effet à long terme sur l’offre, la demande, la formation des physiothérapeutes ainsi que sur leurs revenus. Un tableau a été mis en place afin de classer ces divers scénarii en fonction de leurs avantages et de leurs inconvénients. Le changement de tiers-payant à tiers-garant ainsi que la modification de la valeur du point sont les scénarii qui ressortent comme étant les meilleures solutions pour l’avenir des physiothérapeutes. Ces deux scénarii ont des similitudes, comme la mise en application qui doit être décidée conjointement entre les associations de physiothérapie cantonale et nationale, qui représentent les physiothérapeutes, ainsi que Santésuisse, qui représente les assurances-maladie. Dans ces deux cas, une augmentation de la valeur du point et du chiffre d’affaire des physiothérapeutes auront lieu. En effet, suite à un changement du système de facturation du tiers-payant par tiers-garant, les assurances prévoient d’accorder une augmentation de la valeur du point des physiothérapeutes relative à la prise de risque concernant l’insolvabilité des patients. Le marché de la physiothérapie genevoise, grâce à ces deux scénarii, devrait connaître un regain d'intérêt et un meilleur avenir.</subfield>
  </datafield>
  <datafield tag="695" ind1=" " ind2=" ">
    <subfield code="9">fre</subfield>
    <subfield code="a">physiothérapie ; étude de marché ; Genève</subfield>
  </datafield>
  <datafield tag="700" ind1=" " ind2=" ">
    <subfield code="a">Desjacques, Corinne</subfield>
    <subfield code="e">Dir.</subfield>
  </datafield>
  <datafield tag="856" ind1="4" ind2=" ">
    <subfield code="f">travail_de_diplome.pdf</subfield>
    <subfield code="q">application/pdf</subfield>
    <subfield code="s">645307</subfield>
    <subfield code="u">http://doc.rero.ch/record/9005/files/travail_de_diplome.pdf</subfield>
    <subfield code="y">order:1</subfield>
    <subfield code="z">Mémoire</subfield>
  </datafield>
  <datafield tag="918" ind1=" " ind2=" ">
    <subfield code="a">Haute école de gestion de Genève</subfield>
    <subfield code="c">Economie d'entreprise</subfield>
    <subfield code="b">Campus de Battelle, Bâtiment F, 7 route de Drize, 1227 Carouge</subfield>
  </datafield>
  <datafield tag="919" ind1=" " ind2=" ">
    <subfield code="a">Haute école de gestion de Genève</subfield>
    <subfield code="b">Genève</subfield>
    <subfield code="d">doc.support@rero.ch</subfield>
  </datafield>
  <datafield tag="980" ind1=" " ind2=" ">
    <subfield code="a">DISSERTATION</subfield>
    <subfield code="b">HEGGE</subfield>
    <subfield code="f">DISS_BACHELOR</subfield>
  </datafield>
  <datafield tag="990" ind1=" " ind2=" ">
    <subfield code="a">20080327134326-XA</subfield>
  </datafield>
</record>