
<record>
  <controlfield tag="001">9004</controlfield>
  <controlfield tag="005">20131209145610.0</controlfield>
  <datafield tag="024" ind1="8" ind2=" ">
    <subfield code="a">oai:doc.rero.ch:20080327133643-GG</subfield>
    <subfield code="p">dissertation</subfield>
    <subfield code="p">rero_explore</subfield>
    <subfield code="p">cdu33</subfield>
    <subfield code="p">infonet_economy</subfield>
    <subfield code="z">cdu1</subfield>
    <subfield code="z">preprint</subfield>
    <subfield code="z">hegge</subfield>
    <subfield code="z">cdu16</subfield>
    <subfield code="z">journal</subfield>
    <subfield code="z">book</subfield>
    <subfield code="z">thesis</subfield>
    <subfield code="z">report</subfield>
    <subfield code="z">thesis_urn</subfield>
    <subfield code="z">cdu34</subfield>
    <subfield code="z">postprint</subfield>
  </datafield>
  <datafield tag="041" ind1=" " ind2=" ">
    <subfield code="a">fre</subfield>
  </datafield>
  <datafield tag="080" ind1=" " ind2=" ">
    <subfield code="a">33</subfield>
  </datafield>
  <datafield tag="100" ind1=" " ind2=" ">
    <subfield code="a">Hugentobler, Patricia</subfield>
  </datafield>
  <datafield tag="245" ind1=" " ind2=" ">
    <subfield code="9">fre</subfield>
    <subfield code="a">Contribution de l'art théâtral à l'amélioration de l'expérience de service</subfield>
  </datafield>
  <datafield tag="300" ind1=" " ind2=" ">
    <subfield code="a">92 p.</subfield>
  </datafield>
  <datafield tag="502" ind1=" " ind2=" ">
    <subfield code="9">2007</subfield>
    <subfield code="a">Mémoire de diplôme HES : Haute école de gestion de Genève, 2007 ; TDEE 45</subfield>
  </datafield>
  <datafield tag="520" ind1=" " ind2=" ">
    <subfield code="9">fre</subfield>
    <subfield code="a">Toujours plus de sociétés de service, une concurrence grandissante, telles sont les circonstances dans lesquelles évoluent les entreprises d'aujourd'hui. Comment se différencier et se faire sa place dans cette jungle toujours plus dense ? Outre l'originalité du service et les gros moyens, la différence peut se faire par la qualité de la prestation de service. C'est en effet la perception de la qualité du service par le client, au travers de son design et ses prestations, qui permettra aux entreprises de percer et de croître dans un marché toujours plus saturé. Pour améliorer la qualité du service, j'ai utilisé un angle d'approche original : celui de la parallèle entre la représentation théâtral et la prestation de service. Ainsi chacun des éléments de mise en scène est isolé. J'ai tissé des liens entre chacun d'entre eux et les diverses parties du service. Mon objectif est donc d'appliquer les diverses méthodes propres au théâtre à la prestation de service afin de pouvoir améliorer partie par partie l'ensemble de la prestation et, à travers elle, l'expérience vécue par le client.</subfield>
  </datafield>
  <datafield tag="695" ind1=" " ind2=" ">
    <subfield code="9">fre</subfield>
    <subfield code="a">entreprise ; services ; qualité ; théâtre</subfield>
  </datafield>
  <datafield tag="700" ind1=" " ind2=" ">
    <subfield code="a">Fragnière, Emmanuel</subfield>
    <subfield code="e">Dir.</subfield>
  </datafield>
  <datafield tag="856" ind1="4" ind2=" ">
    <subfield code="f">Hugentobler.pdf</subfield>
    <subfield code="q">application/pdf</subfield>
    <subfield code="s">666626</subfield>
    <subfield code="u">http://doc.rero.ch/record/9004/files/Hugentobler.pdf</subfield>
    <subfield code="y">order:1</subfield>
    <subfield code="z">Mémoire</subfield>
  </datafield>
  <datafield tag="918" ind1=" " ind2=" ">
    <subfield code="a">Haute école de gestion de Genève</subfield>
    <subfield code="c">Economie d'entreprise</subfield>
    <subfield code="b">Campus de Battelle, Bâtiment F, 7 route de Drize, 1227 Carouge</subfield>
  </datafield>
  <datafield tag="919" ind1=" " ind2=" ">
    <subfield code="a">Haute école de gestion de Genève</subfield>
    <subfield code="b">Genève</subfield>
    <subfield code="d">doc.support@rero.ch</subfield>
  </datafield>
  <datafield tag="980" ind1=" " ind2=" ">
    <subfield code="a">DISSERTATION</subfield>
    <subfield code="b">HEGGE</subfield>
    <subfield code="f">DISS_BACHELOR</subfield>
  </datafield>
  <datafield tag="990" ind1=" " ind2=" ">
    <subfield code="a">20080327133643-GG</subfield>
  </datafield>
</record>