
<record>
  <controlfield tag="001">9003</controlfield>
  <controlfield tag="005">20131209145610.0</controlfield>
  <datafield tag="024" ind1="8" ind2=" ">
    <subfield code="a">oai:doc.rero.ch:20080327133147-WH</subfield>
    <subfield code="p">dissertation</subfield>
    <subfield code="p">rero_explore</subfield>
    <subfield code="p">cdu33</subfield>
    <subfield code="p">infonet_economy</subfield>
    <subfield code="z">cdu1</subfield>
    <subfield code="z">preprint</subfield>
    <subfield code="z">hegge</subfield>
    <subfield code="z">cdu16</subfield>
    <subfield code="z">journal</subfield>
    <subfield code="z">book</subfield>
    <subfield code="z">thesis</subfield>
    <subfield code="z">report</subfield>
    <subfield code="z">thesis_urn</subfield>
    <subfield code="z">cdu34</subfield>
    <subfield code="z">postprint</subfield>
  </datafield>
  <datafield tag="041" ind1=" " ind2=" ">
    <subfield code="a">fre</subfield>
  </datafield>
  <datafield tag="080" ind1=" " ind2=" ">
    <subfield code="a">33</subfield>
  </datafield>
  <datafield tag="100" ind1=" " ind2=" ">
    <subfield code="a">Gumy, Stéphanie</subfield>
  </datafield>
  <datafield tag="245" ind1=" " ind2=" ">
    <subfield code="9">fre</subfield>
    <subfield code="a">Analyse d'une fusion d'institutions de droit public</subfield>
    <subfield code="b">cas particulier des Etablissements publics pour l'intégration</subfield>
  </datafield>
  <datafield tag="300" ind1=" " ind2=" ">
    <subfield code="a">96 p.</subfield>
  </datafield>
  <datafield tag="502" ind1=" " ind2=" ">
    <subfield code="9">2007</subfield>
    <subfield code="a">Mémoire de diplôme HES : Haute école de gestion de Genève, 2007 ; TDEE 44</subfield>
  </datafield>
  <datafield tag="520" ind1=" " ind2=" ">
    <subfield code="9">fre</subfield>
    <subfield code="a">Le marché économique est bouleversé jour après jour par l'annonce de fusions / acquisitions. Ce phénomène ne cesse de s'amplifier et s'immisce autant dans le secteur privé que le secteur public.  L'Etat de Genève, suite à la réforme de la péréquation financière et la répartition des tâches entre la Confédération et les cantons, se voit dans l'obligation de fusionner les deux institutions de droit public que sont les EPSE et le CIP. En effet, cette mesure répond à un besoin de plus en plus important de maîtriser les coûts dans le domaine social. Ce travail de diplôme, suggéré par le Secrétaire général du département de la solidarité et de l'emploi, a pour but d'analyser la démarche de rapprochement de ces deux entités. Il consiste à étudier les « bonnes » ou « mauvaises » pratiques mises en œuvre dans le cadre de la création des Établissements publics pour l'intégration. Pour ce faire, nous allons, en premier lieu, prendre connaissance des fondements des processus de fusion ainsi que des impacts du changement sur les individus. Une fois, la partie théorique explorée, le travail présentera le projet de fusion et abordera l'analyse de la structure des entités. Cette partie met en avant la gestion de la différence de culture d'entreprise par les directions. En effet, cette notion a été négligée et des retombées ne sont pas à exclure.  Par la suite, le processus de fusion, plus particulièrement le plan d'intégration et la communication, a été mis sous la loupe afin de dégager les principales lacunes. Ces dernières ont favorisé l'émergence de résistance au sein des collaborateurs, hypothèse confirmée par un sondage auprès des principaux intéressés. Mes recommandations portent sur la mise en place d'outils de gestion de projet et de conduite du changement. Analyser les risques, construire un macroplan, améliorer la communication, gérer les différences culturelles et intégrer les collaborateurs dans le processus, voici les mesures à prendre afin d'optimiser les chances de réussite de la fusion.  J'espère que mes suggestions pourront aider lors des fusions à venir. En effet, le département envisage de regrouper d'autres entités dans le domaine social.</subfield>
  </datafield>
  <datafield tag="695" ind1=" " ind2=" ">
    <subfield code="9">fre</subfield>
    <subfield code="a">fusion ; entreprise ; institution de droit public</subfield>
  </datafield>
  <datafield tag="700" ind1=" " ind2=" ">
    <subfield code="a">Merlier, Philippe</subfield>
    <subfield code="e">Dir.</subfield>
  </datafield>
  <datafield tag="856" ind1="4" ind2=" ">
    <subfield code="f">TD_GUMY.pdf</subfield>
    <subfield code="q">application/pdf</subfield>
    <subfield code="s">1175741</subfield>
    <subfield code="u">http://doc.rero.ch/record/9003/files/TD_GUMY.pdf</subfield>
    <subfield code="y">order:1</subfield>
    <subfield code="z">Mémoire</subfield>
  </datafield>
  <datafield tag="918" ind1=" " ind2=" ">
    <subfield code="a">Haute école de gestion de Genève</subfield>
    <subfield code="c">Economie d'entreprise</subfield>
    <subfield code="b">Campus de Battelle, Bâtiment F, 7 route de Drize, 1227 Carouge</subfield>
  </datafield>
  <datafield tag="919" ind1=" " ind2=" ">
    <subfield code="a">Haute école de gestion de Genève</subfield>
    <subfield code="b">Genève</subfield>
    <subfield code="d">doc.support@rero.ch</subfield>
  </datafield>
  <datafield tag="980" ind1=" " ind2=" ">
    <subfield code="a">DISSERTATION</subfield>
    <subfield code="b">HEGGE</subfield>
    <subfield code="f">DISS_BACHELOR</subfield>
  </datafield>
  <datafield tag="990" ind1=" " ind2=" ">
    <subfield code="a">20080327133147-WH</subfield>
  </datafield>
</record>