
<record>
  <controlfield tag="001">9002</controlfield>
  <controlfield tag="005">20131209145610.0</controlfield>
  <datafield tag="024" ind1="8" ind2=" ">
    <subfield code="a">oai:doc.rero.ch:20080327114555-WO</subfield>
    <subfield code="p">dissertation</subfield>
    <subfield code="p">rero_explore</subfield>
    <subfield code="p">cdu33</subfield>
    <subfield code="p">infonet_economy</subfield>
    <subfield code="z">cdu1</subfield>
    <subfield code="z">preprint</subfield>
    <subfield code="z">hegge</subfield>
    <subfield code="z">cdu16</subfield>
    <subfield code="z">journal</subfield>
    <subfield code="z">book</subfield>
    <subfield code="z">thesis</subfield>
    <subfield code="z">report</subfield>
    <subfield code="z">thesis_urn</subfield>
    <subfield code="z">cdu34</subfield>
    <subfield code="z">postprint</subfield>
  </datafield>
  <datafield tag="041" ind1=" " ind2=" ">
    <subfield code="a">fre</subfield>
  </datafield>
  <datafield tag="080" ind1=" " ind2=" ">
    <subfield code="a">33</subfield>
  </datafield>
  <datafield tag="100" ind1=" " ind2=" ">
    <subfield code="a">Chen, Jia</subfield>
  </datafield>
  <datafield tag="245" ind1=" " ind2=" ">
    <subfield code="9">fre</subfield>
    <subfield code="a">Quand l'art rime avec la bourse</subfield>
  </datafield>
  <datafield tag="300" ind1=" " ind2=" ">
    <subfield code="a">47 p.</subfield>
  </datafield>
  <datafield tag="502" ind1=" " ind2=" ">
    <subfield code="9">2007</subfield>
    <subfield code="a">Mémoire de diplôme HES : Haute école de gestion de Genève, 2007 ; TDEE 43</subfield>
  </datafield>
  <datafield tag="520" ind1=" " ind2=" ">
    <subfield code="9">fre</subfield>
    <subfield code="a">Cet essai tente de jeter un coup d’oeil sur le marché de l’art qui est si prospère et si controversé aujourd’hui. En utilisant les logiciels de statistique SPSS et de modélisation GAMS, nous obtenons divers résultats qui confirment l'hypothèse que l’art pourrait être une classe d’actifs gérables dans un portefeuille comme les autres actifs courants, par exemple les actions, l’or, le pétrole, …etc. Les résultats statistiques nous démontrent qu’il existe bien des relations concordantes entre les trois actifs : l’art, l’or et le pétrole. Plus le temps est long, plus forte est la corrélation. Mais quand au rapport de rendement et de risque, l’art a un meilleur comportement parmi les trois et il est plutôt stable pendant les périodes de guerres et de crises. Notre recherche sur la tendance de ce marché nous a conduite jusqu’à la supposition d’un investissement sur l’indice d’art contemporain. Bien que cet usage ne soit pas encore appliqué au marché de l’art, nous sommes convaincue que c’est dans l’air du temps. Le logiciel d’optimisation GAMS confirme notre hypothèse de ne pas mettre l’art, l’or et le pétrole dans un même panier. En revanche, avec l’indice de l’art contemporain, le pétrole, dollar/euro et l’indice SMI, notre portefeuille a atteint un rendement de 8,9% mais seulement 4,8% de volatilité (la volatilité de T-bill américain entre 1875-1999) et il a également moins de risque pour le même rendement qu’un portefeuille sans la classe de l’art. Les frontières d’efficiences expliquant cette issue sont tracées suite aux résultats de GAMS. Grâce à cette étude portée sur le marché de l’art, nous nous sommes rendue compte des diverses possibilités offertes par ce marché aux investisseurs qui ont envie de sortir du train-train. Il n’est pas si dangereux et coûteux qu’on croit, et, c’est un marché en plein essor qui réserve de belles surprises aux gens de bon sens…</subfield>
  </datafield>
  <datafield tag="695" ind1=" " ind2=" ">
    <subfield code="9">fre</subfield>
    <subfield code="a">marché de l'art ; investissement</subfield>
  </datafield>
  <datafield tag="700" ind1=" " ind2=" ">
    <subfield code="a">Fragnière, Emmanuel</subfield>
    <subfield code="e">Dir.</subfield>
  </datafield>
  <datafield tag="856" ind1="4" ind2=" ">
    <subfield code="f">Quand_l_art_rime_avec_la_bourse.pdf</subfield>
    <subfield code="q">application/pdf</subfield>
    <subfield code="s">442208</subfield>
    <subfield code="u">http://doc.rero.ch/record/9002/files/Quand_l_art_rime_avec_la_bourse.pdf</subfield>
    <subfield code="y">order:1</subfield>
    <subfield code="z">Mémoire</subfield>
  </datafield>
  <datafield tag="918" ind1=" " ind2=" ">
    <subfield code="a">Haute école de gestion de Genève</subfield>
    <subfield code="c">Economie d'entreprise</subfield>
    <subfield code="b">Campus de Battelle, Bâtiment F, 7 route de Drize, 1227 Carouge</subfield>
  </datafield>
  <datafield tag="919" ind1=" " ind2=" ">
    <subfield code="a">Haute école de gestion de Genève</subfield>
    <subfield code="b">Genève</subfield>
    <subfield code="d">doc.support@rero.ch</subfield>
  </datafield>
  <datafield tag="980" ind1=" " ind2=" ">
    <subfield code="a">DISSERTATION</subfield>
    <subfield code="b">HEGGE</subfield>
    <subfield code="f">DISS_BACHELOR</subfield>
  </datafield>
  <datafield tag="990" ind1=" " ind2=" ">
    <subfield code="a">20080327114555-WO</subfield>
  </datafield>
</record>