
<record>
  <controlfield tag="001">9001</controlfield>
  <controlfield tag="005">20131209145610.0</controlfield>
  <datafield tag="024" ind1="8" ind2=" ">
    <subfield code="a">oai:doc.rero.ch:20080327113914-YD</subfield>
    <subfield code="p">dissertation</subfield>
    <subfield code="p">rero_explore</subfield>
    <subfield code="p">cdu33</subfield>
    <subfield code="p">infonet_economy</subfield>
    <subfield code="z">cdu1</subfield>
    <subfield code="z">preprint</subfield>
    <subfield code="z">hegge</subfield>
    <subfield code="z">cdu16</subfield>
    <subfield code="z">journal</subfield>
    <subfield code="z">book</subfield>
    <subfield code="z">thesis</subfield>
    <subfield code="z">report</subfield>
    <subfield code="z">thesis_urn</subfield>
    <subfield code="z">cdu34</subfield>
    <subfield code="z">postprint</subfield>
  </datafield>
  <datafield tag="041" ind1=" " ind2=" ">
    <subfield code="a">fre</subfield>
  </datafield>
  <datafield tag="080" ind1=" " ind2=" ">
    <subfield code="a">33</subfield>
  </datafield>
  <datafield tag="100" ind1=" " ind2=" ">
    <subfield code="a">Calame, Steven</subfield>
  </datafield>
  <datafield tag="245" ind1=" " ind2=" ">
    <subfield code="9">fre</subfield>
    <subfield code="a">Comment rester compétitif face à l'arrivée de nouvelles technologies dans la télécommunication mobile</subfield>
  </datafield>
  <datafield tag="300" ind1=" " ind2=" ">
    <subfield code="a">94 p.</subfield>
  </datafield>
  <datafield tag="502" ind1=" " ind2=" ">
    <subfield code="9">2007</subfield>
    <subfield code="a">Mémoire de diplôme HES : Haute école de gestion de Genève, 2007 ; TDEE 42</subfield>
  </datafield>
  <datafield tag="520" ind1=" " ind2=" ">
    <subfield code="9">fre</subfield>
    <subfield code="a">Swisscom Mobile est le leader de la télécommunication mobile sur le territoire suisse. L’entreprise doit répondre aux besoins des clients souhaitant un réseau de télécommunication et un service clients basé sur la qualité ; un large choix de technologie (norme de communication GSM et UMTS) et de services annexes ; et des prestations adaptées aux besoins de chaque client. Après avoir étudié l’environnement dans lequel évolue le géant bleu et rouge de la télécommunication, j’ai identifié que Swisscom Mobile était en concurrence directe avec 2 opérateurs : Orange et Sunrise. Cependant le marché du raccordement mobile reste dominé par Swisscom Mobile avec une part de marché à 62%. Le marché est entre la phase de sélectivité et de maturité. Ainsi, la croissance est constante et s’élève en moyenne à 7% ces cinq dernières années. La principale menace pour l’entreprise est l’arrivée de nouvelles technologies comme par exemple le WiMax et la VoIP. Avec ces derniers, on s’attend à une baisse du coût des communications mobiles pour les appels locaux, nationaux ou internationaux et de nouveaux services proposés comme un accès à Internet. Swisscom Mobile doit ainsi à veiller à être proactif sur son marché pour éviter de se faire envahir par une menace aussi importante. De plus, l’entreprise doit connaître les éléments que sa clientèle valorise pour continuer à les proposer. Après avoir analysé l’environnement externe, je me concentrerai sur l’environnement interne. Dans cette partie, les outils utilisés seront l’analyse des ressources et des compétences. Cette dernière permet de répondre aux attentes des clients et de se différencier de ses concurrents. Swisscom Mobile propose un service de qualité sur les prestations grâce à sa large couverture du réseau, son service clientèle, son expérience et sa marque. Cependant l’entreprise est parfois perçue comme chère par rapport aux prix des communications. L’étude de marché permettra de mieux comprendre les habitudes de consommation des clients, de connaître la bonne satisfaction de la clientèle vis-à-vis des prestations, de déceler les raisons de l’inutilisation de la 3G et des services annexes. De plus elle a permis de connaître l’opinion négative des personnes face à l’introduction de la publicité sur le téléphone et de constater que la VoIP est attendue dans la téléphonie mobile. En effet, cette technologie offrirait des tarifs beaucoup moins élevés pour les appels à l’étranger depuis leur téléphone. D’après les analyses de l’environnement interne, externe et de l’étude de marché, une stratégie de croissance et partenariat sera envisagée. Elle consiste à proposer des services inédits aux clients et surtout de revoir la communication. Cette stratégie permettra d’utiliser plus intensivement le réseau UMTS et surtout d’attirer une nouvelle génération de personnes : les « Busy bosses ». De plus, elle répond en partie aux attentes des futurs utilisateurs du WiMax Mobile. L’avantage de cette recommandation est d’habituer et de fidéliser la clientèle. Finalement une analyse des risques sera présentée, les 5 risques auxquels Swisscom devra peut-être faire face et comment les atténuer si la situation devait se présenter.</subfield>
  </datafield>
  <datafield tag="695" ind1=" " ind2=" ">
    <subfield code="9">fre</subfield>
    <subfield code="a">télécommunication mobile ; compétitivité ; concurrence ; Swisscom Mobile ; étude de marché</subfield>
  </datafield>
  <datafield tag="700" ind1=" " ind2=" ">
    <subfield code="a">Lalos, Marcos</subfield>
    <subfield code="e">Dir.</subfield>
  </datafield>
  <datafield tag="856" ind1="4" ind2=" ">
    <subfield code="f">version_finale.pdf</subfield>
    <subfield code="q">application/pdf</subfield>
    <subfield code="s">1640014</subfield>
    <subfield code="u">http://doc.rero.ch/record/9001/files/version_finale.pdf</subfield>
    <subfield code="y">order:1</subfield>
    <subfield code="z">Mémoire</subfield>
  </datafield>
  <datafield tag="918" ind1=" " ind2=" ">
    <subfield code="a">Haute école de gestion de Genève</subfield>
    <subfield code="c">Economie d'entreprise</subfield>
    <subfield code="b">Campus de Battelle, Bâtiment F, 7 route de Drize, 1227 Carouge</subfield>
  </datafield>
  <datafield tag="919" ind1=" " ind2=" ">
    <subfield code="a">Haute école de gestion de Genève</subfield>
    <subfield code="b">Genève</subfield>
    <subfield code="d">doc.support@rero.ch</subfield>
  </datafield>
  <datafield tag="980" ind1=" " ind2=" ">
    <subfield code="a">DISSERTATION</subfield>
    <subfield code="b">HEGGE</subfield>
    <subfield code="f">DISS_BACHELOR</subfield>
  </datafield>
  <datafield tag="990" ind1=" " ind2=" ">
    <subfield code="a">20080327113914-YD</subfield>
  </datafield>
</record>