
<record>
  <controlfield tag="001">9000</controlfield>
  <controlfield tag="005">20131209145610.0</controlfield>
  <datafield tag="024" ind1="8" ind2=" ">
    <subfield code="a">oai:doc.rero.ch:20080327113111-VX</subfield>
    <subfield code="p">dissertation</subfield>
    <subfield code="p">rero_explore</subfield>
    <subfield code="p">cdu33</subfield>
    <subfield code="p">infonet_economy</subfield>
    <subfield code="z">cdu1</subfield>
    <subfield code="z">preprint</subfield>
    <subfield code="z">hegge</subfield>
    <subfield code="z">cdu16</subfield>
    <subfield code="z">journal</subfield>
    <subfield code="z">book</subfield>
    <subfield code="z">thesis</subfield>
    <subfield code="z">report</subfield>
    <subfield code="z">thesis_urn</subfield>
    <subfield code="z">cdu34</subfield>
    <subfield code="z">postprint</subfield>
  </datafield>
  <datafield tag="041" ind1=" " ind2=" ">
    <subfield code="a">fre</subfield>
  </datafield>
  <datafield tag="080" ind1=" " ind2=" ">
    <subfield code="a">33</subfield>
  </datafield>
  <datafield tag="100" ind1=" " ind2=" ">
    <subfield code="a">Büchelin, Patrick</subfield>
  </datafield>
  <datafield tag="245" ind1=" " ind2=" ">
    <subfield code="9">fre</subfield>
    <subfield code="a">Mesure de la faisabilité pour une ONG suisse de développer un produit financier</subfield>
  </datafield>
  <datafield tag="300" ind1=" " ind2=" ">
    <subfield code="a">73 p.</subfield>
  </datafield>
  <datafield tag="502" ind1=" " ind2=" ">
    <subfield code="9">2007</subfield>
    <subfield code="a">Mémoire de diplôme HES : Haute école de gestion de Genève, 2007 ; TDEE 41</subfield>
  </datafield>
  <datafield tag="520" ind1=" " ind2=" ">
    <subfield code="9">fre</subfield>
    <subfield code="a">De nos jours, la recherche de nouvelles sources de financement reste une priorité pour les ONG, ceci quel que soit leur domaine d’activité. Le marché financier actuel propose aux investisseurs institutionnels ou privés une gamme de produits d’investissements relativement complète, mais le mode d’investissement mute et la prise en considération d’éléments extra financiers prend de plus en plus d’importance. Mon travail consiste à évaluer la possibilité qu’a une ONG suisse de créer un fonds de placement ou un autre type de produit en partenariat avec un établissement financier. Pour ce faire, je présente la situation actuelle de l’offre de produits à connotation éthique ou durable, ainsi qu’un descriptif de la fondation pour laquelle je réalise ce travail. Afin de mieux comprendre dans quel milieu évolue cette ONG, je me suis soumis à l’exercice de définir ce qu’est devenue la notion de paix au XXIème siècle et, j’explique, de manière plus précise, comment s’organise et se finance une ONG de nos jours. Je procède par la suite à l’énumération des différents produits qui sont potentiellement intéressants pour la fondation Swiss Peace, en axant ma recherche sur les fonds de placement et les Sociétés d’Investissement à Capital Variable (SICAV). Pour parvenir à expliquer de manière plus imagée les différentes possibilités, je m’appuie sur un certain nombre d’exemples, tous étant comparables à ce que la fondation Swiss Peace souhaite développer. Il existe différents types de partenariat à la portée de la fondation Swiss Peace, chacun d’entre eux ayant ses valeurs ajoutées et ses spécificités. Les détails y étant relatifs sont traités de manière à être à même de porter un jugement quant aux avantages de la fondation Swiss Peace à traiter avec l’un ou l’autre d’entre eux. Avant de procéder aux explications liées aux différents scénarios, les attentes, opportunités et risques liés à ce projet sont abordés, ce qui permet de prendre en considération les aspects aussi bien positifs que négatifs. Pour continuer ce travail, je fais part de ma propre recommandation quant aux choix qui se présentent à la fondation Swiss Peace. Enfin, pour clore cette recherche, je fais le bilan de ce que ce travail m’aura apporté et je fais part de mon appréciation basée sur les valeurs et la situation de la fondation Swiss Peace.</subfield>
  </datafield>
  <datafield tag="695" ind1=" " ind2=" ">
    <subfield code="9">fre</subfield>
    <subfield code="a">produit financier ; investissement ; ONG</subfield>
  </datafield>
  <datafield tag="700" ind1=" " ind2=" ">
    <subfield code="a">Maeder, Eric</subfield>
    <subfield code="e">Dir.</subfield>
  </datafield>
  <datafield tag="856" ind1="4" ind2=" ">
    <subfield code="f">TD_Patrick_Buchelin.pdf</subfield>
    <subfield code="q">application/pdf</subfield>
    <subfield code="s">662526</subfield>
    <subfield code="u">http://doc.rero.ch/record/9000/files/TD_Patrick_Buchelin.pdf</subfield>
    <subfield code="y">order:1</subfield>
    <subfield code="z">Mémoire</subfield>
  </datafield>
  <datafield tag="918" ind1=" " ind2=" ">
    <subfield code="a">Haute école de gestion de Genève</subfield>
    <subfield code="c">Economie d'entreprise</subfield>
    <subfield code="b">Campus de Battelle, Bâtiment F, 7 route de Drize, 1227 Carouge</subfield>
  </datafield>
  <datafield tag="919" ind1=" " ind2=" ">
    <subfield code="a">Haute école de gestion de Genève</subfield>
    <subfield code="b">Genève</subfield>
    <subfield code="d">doc.support@rero.ch</subfield>
  </datafield>
  <datafield tag="980" ind1=" " ind2=" ">
    <subfield code="a">DISSERTATION</subfield>
    <subfield code="b">HEGGE</subfield>
    <subfield code="f">DISS_BACHELOR</subfield>
  </datafield>
  <datafield tag="990" ind1=" " ind2=" ">
    <subfield code="a">20080327113111-VX</subfield>
  </datafield>
</record>