
<record>
  <controlfield tag="001">8996</controlfield>
  <controlfield tag="005">20131209145610.0</controlfield>
  <datafield tag="024" ind1="8" ind2=" ">
    <subfield code="a">oai:doc.rero.ch:20080327103550-YY</subfield>
    <subfield code="p">dissertation</subfield>
    <subfield code="p">rero_explore</subfield>
    <subfield code="p">cdu33</subfield>
    <subfield code="p">infonet_economy</subfield>
    <subfield code="z">cdu1</subfield>
    <subfield code="z">preprint</subfield>
    <subfield code="z">hegge</subfield>
    <subfield code="z">cdu16</subfield>
    <subfield code="z">journal</subfield>
    <subfield code="z">book</subfield>
    <subfield code="z">thesis</subfield>
    <subfield code="z">report</subfield>
    <subfield code="z">thesis_urn</subfield>
    <subfield code="z">cdu34</subfield>
    <subfield code="z">postprint</subfield>
  </datafield>
  <datafield tag="041" ind1=" " ind2=" ">
    <subfield code="a">fre</subfield>
  </datafield>
  <datafield tag="080" ind1=" " ind2=" ">
    <subfield code="a">33</subfield>
  </datafield>
  <datafield tag="100" ind1=" " ind2=" ">
    <subfield code="a">Bardet, Sophie</subfield>
  </datafield>
  <datafield tag="245" ind1=" " ind2=" ">
    <subfield code="9">fre</subfield>
    <subfield code="a">Création d'un centre de récupération pour sportifs</subfield>
  </datafield>
  <datafield tag="300" ind1=" " ind2=" ">
    <subfield code="a">72 p.</subfield>
  </datafield>
  <datafield tag="502" ind1=" " ind2=" ">
    <subfield code="9">2007</subfield>
    <subfield code="a">Mémoire de diplôme HES : Haute école de gestion de Genève, 2007 ; TDEE 38</subfield>
  </datafield>
  <datafield tag="520" ind1=" " ind2=" ">
    <subfield code="9">fre</subfield>
    <subfield code="a">Le centre de récupération de Colovrex à Nyon est un centre accueillant les sportifs voulant se reposer avant ou après une période de compétition. La formidable force du concept réside dans la disponibilité d’infrastructures comme un centre wellness, un local médical et l’environnement géographie, permettant ainsi une remise en forme adéquate. La stratégie du centre est de donner à sa clientèle un environnement sain, paisible et agréable afin qu’elles puissent récupérer dans les meilleures conditions possibles. A cela, le centre applique des prix en accord avec le marché, en sachant que la concurrence n’offre pas la même qualité d’hébergement et de service. Le centre offre un service hôtelier et non un service de centre d’entraînement. La concurrence est diverse, même si elle n’offre pas le même service : la récupération. Plusieurs centres d’entraînement offrent une installation supplémentaire à ses clients un centre de remise en forme, mais aucun des ces concurrents ne se rapprochent du concept de Colovrex. Le succès du centre sportif vise la satisfaction de toutes les parties prenantes au projet, car il apporte un intérêt aux exigences et aux demandes des ses partenaires, que se soie les clients, la ville de Nyon,les entreprises de leasing, les fournisseurs et les investisseurs. Les besoins en ressources humaines pour le centre sont faibles. Seul cinq personnes suffisent à gérer l’ensemble des activités. Cet aspect est rendu possible grâce à l’implication de la ville de Nyon dans le projet. L’offre n’est pas démesurée et peut rester sous contrôle du personnel entièrement actif au sein de l’entreprise. Toutefois, l’engagement d’une personne supplémentaire interviendra dès la quatrième année d’activité afin de pouvoir développer le centre. L’apport en capital de 50'000 Frs n’est pas assez important afin de couvrir les besoins en investissement et liquidités de la première année. Un crédit d’investissement de 275'500 Frs. est octroyé par la banque Cantonale Genevoise pour acquérir les immobilisations. Ce crédit est remboursable sur dix ans permettant ainsi au centre de récupération d’exercer son activité. Après une année d’activité, le centre effectue un bénéfice net d’entreprise d’environs 53'301 Frs. Ce chiffre évolue pendant les premières années d’exercice pour atteindre 190'558 Frs dès la troisième année d’activité. Cette augmentation s’explique en grande partie par l’augmentation de la fréquentation de l’hôtel de 5% chaque année. Le seuil de rentabilité se situant à 834'413 Frs. de chiffre d’affaires. Il est atteint en troisième année avec un montant de 859'320 Frs. Ce qui correspond à un taux d’occupation de 70%. La rentabilité du projet est bonne car elle permet de dégager un TRI de 19.11 % pendant les dix premières années. Ce qui permet de prévoir des investissements supplémentaires pour le bon développement du centre de récupération. Ce travail vous permettra de connaître et de comprendre le concept du centre et ainsi de vous démonter la viabilité de ce projet.</subfield>
  </datafield>
  <datafield tag="695" ind1=" " ind2=" ">
    <subfield code="9">fre</subfield>
    <subfield code="a">centre de récupération - création</subfield>
  </datafield>
  <datafield tag="700" ind1=" " ind2=" ">
    <subfield code="a">Ruau, Philippe</subfield>
    <subfield code="e">Dir.</subfield>
  </datafield>
  <datafield tag="856" ind1="4" ind2=" ">
    <subfield code="f">Bardet.pdf</subfield>
    <subfield code="q">application/pdf</subfield>
    <subfield code="s">2716163</subfield>
    <subfield code="u">http://doc.rero.ch/record/8996/files/Bardet.pdf</subfield>
    <subfield code="y">order:1</subfield>
    <subfield code="z">Mémoire</subfield>
  </datafield>
  <datafield tag="918" ind1=" " ind2=" ">
    <subfield code="a">Haute école de gestion de Genève</subfield>
    <subfield code="c">Economie d'entreprise</subfield>
    <subfield code="b">Campus de Battelle, Bâtiment F, 7 route de Drize, 1227 Carouge</subfield>
  </datafield>
  <datafield tag="919" ind1=" " ind2=" ">
    <subfield code="a">Haute école de gestion de Genève</subfield>
    <subfield code="b">Genève</subfield>
    <subfield code="d">doc.support@rero.ch</subfield>
  </datafield>
  <datafield tag="980" ind1=" " ind2=" ">
    <subfield code="a">DISSERTATION</subfield>
    <subfield code="b">HEGGE</subfield>
    <subfield code="f">DISS_BACHELOR</subfield>
  </datafield>
  <datafield tag="990" ind1=" " ind2=" ">
    <subfield code="a">20080327103550-YY</subfield>
  </datafield>
</record>