
<record>
  <controlfield tag="001">8995</controlfield>
  <controlfield tag="005">20131209145610.0</controlfield>
  <datafield tag="024" ind1="8" ind2=" ">
    <subfield code="a">oai:doc.rero.ch:20080327102030-PK</subfield>
    <subfield code="p">dissertation</subfield>
    <subfield code="p">rero_explore</subfield>
    <subfield code="p">cdu33</subfield>
    <subfield code="p">infonet_economy</subfield>
    <subfield code="z">cdu1</subfield>
    <subfield code="z">preprint</subfield>
    <subfield code="z">hegge</subfield>
    <subfield code="z">cdu16</subfield>
    <subfield code="z">journal</subfield>
    <subfield code="z">book</subfield>
    <subfield code="z">thesis</subfield>
    <subfield code="z">report</subfield>
    <subfield code="z">thesis_urn</subfield>
    <subfield code="z">cdu34</subfield>
    <subfield code="z">postprint</subfield>
  </datafield>
  <datafield tag="041" ind1=" " ind2=" ">
    <subfield code="a">fre</subfield>
  </datafield>
  <datafield tag="080" ind1=" " ind2=" ">
    <subfield code="a">33</subfield>
  </datafield>
  <datafield tag="100" ind1=" " ind2=" ">
    <subfield code="a">Avdullahi, Alban</subfield>
  </datafield>
  <datafield tag="245" ind1=" " ind2=" ">
    <subfield code="9">fre</subfield>
    <subfield code="a">Evolution du marché des crédits bancaires</subfield>
    <subfield code="b">implications pour les PME</subfield>
  </datafield>
  <datafield tag="300" ind1=" " ind2=" ">
    <subfield code="a">88 p.</subfield>
  </datafield>
  <datafield tag="502" ind1=" " ind2=" ">
    <subfield code="9">2007</subfield>
    <subfield code="a">Mémoire de diplôme HES : Haute école de gestion de Genève, 2007 ; TDEE 37</subfield>
  </datafield>
  <datafield tag="520" ind1=" " ind2=" ">
    <subfield code="9">fre</subfield>
    <subfield code="a">Les banques représentent en Suisse une part non négligeable de l’économie. Que ce soit en termes de ressources humaines, de contribution au budget de la Confédération ou encore de pourcentage du PIB, le secteur bancaire suisse est particulièrement bien placé. Bénéficiant d’une croissance soutenue ces dix dernières années, ce secteur a souffert, dans les années 90, de la spéculation immobilière effrénée qui sévissait alors et a essuyé, plus récemment, des pertes occasionnées par l'effondrement des valeurs technologiques du début des années 2000. Suite à ces événements, l’opinion publique a pris conscience qu’elle pourrait assister à une faillite bancaire de grande ampleur, malmenant l’économie suisse en général. Pour pallier à cette possibilité, plusieurs réglementations ont été adoptées, au premier rang desquelles se trouve Bâle II. Bâle II est un arsenal réglementaire permettant aux banques de mieux gérer le risque crédit. Plusieurs nouveautés sont apparues, ayant pour principales conséquences de permettre d’individualiser le calcul du risque et celui du taux d’intérêt en fonction du débiteur. Cette situation permet aux entreprises de bonne qualité d’obtenir un financement moins coûteux qu’auparavant, certes, mais possède également comme corollaire de restreindre l’accès au marché du crédit aux PME financièrement moins solides. Ces démarches individualisées et coûteuses, ont surtout été implémentées dans les grandes banques, alors que les banques cantonales et régionales appliquent davantage une démarche standardisée, plus favorable aux petites PME. Cela s’est traduit par une baisse inexorable du rôle des grandes banques dans le financement des entreprises. Cela se vérifie dans les faits. Entre avril 2000 et décembre 2005, le volume des crédits, autres qu’hypothécaires, a chuté de 53% au sein des grandes banques, contre 14% dans les banques cantonales. Ce processus est peu réversible car la tendance globale au sein des grandes banques est au contrôle des coûts et de la maîtrise du risque, comme en atteste le développement au sein de l’état-major de fonctions nouvelles telles que le Chief Risk Officer. Les entreprises n’ont d’autres choix que de s’adapter si elles veulent avoir accès au marché du crédit. L’objet de ce travail est donc de proposer certaines recommandations d’ordre général aux entreprises et de les informer des alternatives aux crédits bancaires, comme par exemple le factoring ou le leasing. Pour ce faire, je me suis appuyé sur une analyse du secteur bancaire en Suisse, de manière à comprendre quelles sont les caractéristiques clés de ce dernier et surtout d’en appréhender l’évolution. Puis, j’ai estimé utile de faire un rapport sur les différents moyens de financement à disposition des entreprises. Je suis ensuite arrivé à une analyse exhaustive et approfondie d’un processus d’attribution de crédit au sein d’une grande banque, pour enfin, passer aux recommandations.</subfield>
  </datafield>
  <datafield tag="695" ind1=" " ind2=" ">
    <subfield code="9">fre</subfield>
    <subfield code="a">crédits bancaires ; entreprise ; Suisse ; Bâle II ; </subfield>
  </datafield>
  <datafield tag="700" ind1=" " ind2=" ">
    <subfield code="a">Curti, René</subfield>
    <subfield code="e">Dir.</subfield>
  </datafield>
  <datafield tag="856" ind1="4" ind2=" ">
    <subfield code="f">Evolution_du_march_des_cr_dits_bancaires_implications_pour.pdf</subfield>
    <subfield code="q">application/pdf</subfield>
    <subfield code="s">2258698</subfield>
    <subfield code="u">http://doc.rero.ch/record/8995/files/Evolution_du_march_des_cr_dits_bancaires_implications_pour.pdf</subfield>
    <subfield code="y">order:1</subfield>
    <subfield code="z">Mémoire</subfield>
  </datafield>
  <datafield tag="918" ind1=" " ind2=" ">
    <subfield code="a">Haute école de gestion de Genève</subfield>
    <subfield code="c">Economie d'entreprise</subfield>
    <subfield code="b">Campus de Battelle, Bâtiment F, 7 route de Drize, 1227 Carouge</subfield>
  </datafield>
  <datafield tag="919" ind1=" " ind2=" ">
    <subfield code="a">Haute école de gestion de Genève</subfield>
    <subfield code="b">Genève</subfield>
    <subfield code="d">doc.support@rero.ch</subfield>
  </datafield>
  <datafield tag="980" ind1=" " ind2=" ">
    <subfield code="a">DISSERTATION</subfield>
    <subfield code="b">HEGGE</subfield>
    <subfield code="f">DISS_BACHELOR</subfield>
  </datafield>
  <datafield tag="990" ind1=" " ind2=" ">
    <subfield code="a">20080327102030-PK</subfield>
  </datafield>
</record>