
<record>
  <controlfield tag="001">8994</controlfield>
  <controlfield tag="005">20130225121921.0</controlfield>
  <datafield tag="024" ind1="8" ind2=" ">
    <subfield code="a">oai:doc.rero.ch:20080327083053-AI</subfield>
    <subfield code="p">dissertation</subfield>
    <subfield code="p">rero_explore</subfield>
    <subfield code="z">cdu1</subfield>
    <subfield code="z">preprint</subfield>
    <subfield code="z">hegge</subfield>
    <subfield code="z">cdu16</subfield>
    <subfield code="z">journal</subfield>
    <subfield code="z">book</subfield>
    <subfield code="z">cdu02</subfield>
    <subfield code="z">thesis</subfield>
    <subfield code="z">report</subfield>
    <subfield code="z">thesis_urn</subfield>
    <subfield code="z">cdu34</subfield>
    <subfield code="z">postprint</subfield>
  </datafield>
  <datafield tag="041" ind1=" " ind2=" ">
    <subfield code="a">fre</subfield>
  </datafield>
  <datafield tag="080" ind1=" " ind2=" ">
    <subfield code="a">02</subfield>
  </datafield>
  <datafield tag="100" ind1=" " ind2=" ">
    <subfield code="a">Barras, Virginie</subfield>
  </datafield>
  <datafield tag="245" ind1=" " ind2=" ">
    <subfield code="9">fre</subfield>
    <subfield code="a">Records and archives, did you know</subfield>
    <subfield code="b">promouvoir le service d'archives de l'OMS à l'interne</subfield>
  </datafield>
  <datafield tag="300" ind1=" " ind2=" ">
    <subfield code="a">147 p.</subfield>
  </datafield>
  <datafield tag="502" ind1=" " ind2=" ">
    <subfield code="9">2007</subfield>
    <subfield code="a">Mémoire de diplôme HES : Haute école de gestion de Genève, 2007 ; TDB 2041</subfield>
  </datafield>
  <datafield tag="520" ind1=" " ind2=" ">
    <subfield code="9">fre</subfield>
    <subfield code="a">La communication et le marketing sont des notions fondamentales pour effectuer la promotion d'un service. Encore peu développées par les Service d’Information Documentaire (SID), les démarches promotionnelles sont pourtant essentielles pour toute mise en valeur d'un service. Mandatées par le service Records and Archives (RAS) de l'Organisation mondiale de la Santé (OMS), notre travail a consisté en la valorisation du service à l'intérieur de l'Organisation par la création d'un support promotionnel. Le service RAS a pour mission de collecter, gérer et de préserver les archives courantes, intermédiaires et définitives de l’OMS tout en les rendant accessibles au personnel interne. Il répond également à toute demande de renseignements émanant de l’intérieur et de l’extérieur de l’Organisation. Les objectifs généraux reflétant la démarche logique de notre mandat ont compris la définition des besoins du personnel de l'OMS en terme d'archives, l'analyse de l'environnement externe, la réflexion quant à l'outil de promotion le plus approprié, la réalisation concrète de cet outil en se concentrant sur le message promotionnel et, finalement, des propositions de diffusion et de contrôle de l'outil.</subfield>
  </datafield>
  <datafield tag="695" ind1=" " ind2=" ">
    <subfield code="9">fre</subfield>
    <subfield code="a">service d'archives ; marketing ; OMS</subfield>
  </datafield>
  <datafield tag="700" ind1=" " ind2=" ">
    <subfield code="a">Duncevic, Lucie</subfield>
  </datafield>
  <datafield tag="700" ind1=" " ind2=" ">
    <subfield code="a">Voser, Christelle</subfield>
  </datafield>
  <datafield tag="700" ind1=" " ind2=" ">
    <subfield code="a">Muet, Florence</subfield>
    <subfield code="e">Dir.</subfield>
  </datafield>
  <datafield tag="700" ind1=" " ind2=" ">
    <subfield code="a">Kynaston, Donna</subfield>
    <subfield code="e">Codir.</subfield>
  </datafield>
  <datafield tag="700" ind1=" " ind2=" ">
    <subfield code="a">Whitfield-Pons, Claire</subfield>
    <subfield code="e">Codir.</subfield>
  </datafield>
  <datafield tag="700" ind1=" " ind2=" ">
    <subfield code="a">Villemin, Marie</subfield>
    <subfield code="e">Codir.</subfield>
  </datafield>
  <datafield tag="856" ind1="4" ind2=" ">
    <subfield code="f">MemoireTD_OMS.pdf</subfield>
    <subfield code="q">application/pdf</subfield>
    <subfield code="s">1812050</subfield>
    <subfield code="u">http://doc.rero.ch/record/8994/files/MemoireTD_OMS.pdf</subfield>
    <subfield code="y">order:1</subfield>
    <subfield code="z">Mémoire</subfield>
  </datafield>
  <datafield tag="918" ind1=" " ind2=" ">
    <subfield code="a">Haute école de gestion de Genève</subfield>
    <subfield code="c">Information documentaire</subfield>
    <subfield code="b">Campus de Battelle, Bâtiment F, 7 route de Drize, 1227 Carouge</subfield>
  </datafield>
  <datafield tag="919" ind1=" " ind2=" ">
    <subfield code="a">Haute école de gestion de Genève</subfield>
    <subfield code="b">Genève</subfield>
    <subfield code="d">doc.support@rero.ch</subfield>
  </datafield>
  <datafield tag="980" ind1=" " ind2=" ">
    <subfield code="a">DISSERTATION</subfield>
    <subfield code="b">HEGGE</subfield>
    <subfield code="f">DISS_BACHELOR</subfield>
  </datafield>
  <datafield tag="990" ind1=" " ind2=" ">
    <subfield code="a">20080327083053-AI</subfield>
  </datafield>
</record>