
<record>
  <controlfield tag="001">8991</controlfield>
  <controlfield tag="005">20130225121921.0</controlfield>
  <datafield tag="024" ind1="8" ind2=" ">
    <subfield code="a">oai:doc.rero.ch:20080326153926-ZK</subfield>
    <subfield code="p">dissertation</subfield>
    <subfield code="p">rero_explore</subfield>
    <subfield code="z">cdu1</subfield>
    <subfield code="z">preprint</subfield>
    <subfield code="z">hegge</subfield>
    <subfield code="z">cdu16</subfield>
    <subfield code="z">journal</subfield>
    <subfield code="z">book</subfield>
    <subfield code="z">cdu004</subfield>
    <subfield code="z">thesis</subfield>
    <subfield code="z">report</subfield>
    <subfield code="z">thesis_urn</subfield>
    <subfield code="z">cdu34</subfield>
    <subfield code="z">postprint</subfield>
  </datafield>
  <datafield tag="041" ind1=" " ind2=" ">
    <subfield code="a">fre</subfield>
  </datafield>
  <datafield tag="080" ind1=" " ind2=" ">
    <subfield code="a">004</subfield>
  </datafield>
  <datafield tag="100" ind1=" " ind2=" ">
    <subfield code="a">Yusuf Warsame, Mohamed</subfield>
  </datafield>
  <datafield tag="245" ind1=" " ind2=" ">
    <subfield code="9">fre</subfield>
    <subfield code="a">Webmarketing</subfield>
  </datafield>
  <datafield tag="300" ind1=" " ind2=" ">
    <subfield code="a">87 p.</subfield>
  </datafield>
  <datafield tag="502" ind1=" " ind2=" ">
    <subfield code="9">2007</subfield>
    <subfield code="a">Mémoire de diplôme HES : Haute école de gestion de Genève, 2007 ; TDIG 20</subfield>
  </datafield>
  <datafield tag="520" ind1=" " ind2=" ">
    <subfield code="9">fre</subfield>
    <subfield code="a">Avec l'arrivée des nouveaux moyens d'expression sur Internet, tels que les blogs ou les vidéos en ligne, l'internaute n'est plus consommateur d'information mais il en devient producteur. Les entreprises désireuses d'acquérir une réputation sur Internet vont devoir séduire ces nouveaux leaders d'opinion, afin de les transformer en vecteurs de promotion. Mais quelles sont les personnes concernées ? Quel impact espérer ? Comment réaliser une campagne sur le web ? Ce mémoire répondra à toutes ces questions et donnera les stratégies et les outils à adopter pour les sociétés désirant mener une campagne de marketing de masse.</subfield>
  </datafield>
  <datafield tag="695" ind1=" " ind2=" ">
    <subfield code="9">fre</subfield>
    <subfield code="a">marketing ; Internet ; gestion d'entreprise</subfield>
  </datafield>
  <datafield tag="700" ind1=" " ind2=" ">
    <subfield code="a">Banoff, Alexandre de</subfield>
    <subfield code="e">Dir.</subfield>
  </datafield>
  <datafield tag="856" ind1="4" ind2=" ">
    <subfield code="f">Webmarketing_-_TD_-_Mohamed_Yusuf_Warsame.pdf</subfield>
    <subfield code="q">application/pdf</subfield>
    <subfield code="s">6063883</subfield>
    <subfield code="u">http://doc.rero.ch/record/8991/files/Webmarketing_-_TD_-_Mohamed_Yusuf_Warsame.pdf</subfield>
    <subfield code="y">order:1</subfield>
    <subfield code="z">Mémoire</subfield>
  </datafield>
  <datafield tag="918" ind1=" " ind2=" ">
    <subfield code="a">Haute école de gestion de Genève</subfield>
    <subfield code="c">Informatique de gestion</subfield>
    <subfield code="b">Campus de Battelle, Bâtiment F, 7 route de Drize, 1227 Carouge</subfield>
  </datafield>
  <datafield tag="919" ind1=" " ind2=" ">
    <subfield code="a">Haute école de gestion de Genève</subfield>
    <subfield code="b">Genève</subfield>
    <subfield code="d">doc.support@rero.ch</subfield>
  </datafield>
  <datafield tag="980" ind1=" " ind2=" ">
    <subfield code="a">DISSERTATION</subfield>
    <subfield code="b">HEGGE</subfield>
    <subfield code="f">DISS_BACHELOR</subfield>
  </datafield>
  <datafield tag="990" ind1=" " ind2=" ">
    <subfield code="a">20080326153926-ZK</subfield>
  </datafield>
</record>