
<record>
  <controlfield tag="001">8989</controlfield>
  <controlfield tag="005">20130225121921.0</controlfield>
  <datafield tag="024" ind1="8" ind2=" ">
    <subfield code="a">oai:doc.rero.ch:20080326152524-BB</subfield>
    <subfield code="p">dissertation</subfield>
    <subfield code="p">rero_explore</subfield>
    <subfield code="z">cdu1</subfield>
    <subfield code="z">preprint</subfield>
    <subfield code="z">hegge</subfield>
    <subfield code="z">cdu16</subfield>
    <subfield code="z">journal</subfield>
    <subfield code="z">book</subfield>
    <subfield code="z">cdu004</subfield>
    <subfield code="z">thesis</subfield>
    <subfield code="z">report</subfield>
    <subfield code="z">thesis_urn</subfield>
    <subfield code="z">cdu34</subfield>
    <subfield code="z">postprint</subfield>
  </datafield>
  <datafield tag="041" ind1=" " ind2=" ">
    <subfield code="a">fre</subfield>
  </datafield>
  <datafield tag="080" ind1=" " ind2=" ">
    <subfield code="a">004</subfield>
  </datafield>
  <datafield tag="100" ind1=" " ind2=" ">
    <subfield code="a">Sorensen, Bjarne</subfield>
  </datafield>
  <datafield tag="245" ind1=" " ind2=" ">
    <subfield code="9">fre</subfield>
    <subfield code="a">ERP Open Source ou commercial</subfield>
  </datafield>
  <datafield tag="300" ind1=" " ind2=" ">
    <subfield code="a">36 p.</subfield>
  </datafield>
  <datafield tag="502" ind1=" " ind2=" ">
    <subfield code="9">2007</subfield>
    <subfield code="a">Mémoire de diplôme HES : Haute école de gestion de Genève, 2007 ; TDIG 18</subfield>
  </datafield>
  <datafield tag="520" ind1=" " ind2=" ">
    <subfield code="9">fre</subfield>
    <subfield code="a">Depuis les débuts de l’informatique, ce domaine connait une évolution rapide. La concurrence est de plus en plus grande et chacun cherche à diversifier son offre. De grandes sociétés découvrent un intérêt dans l’open source et on tendance à orienter leur activité plus sur le service que sur le produit. Ainsi Sun Microsystems, IBM et Apple par exemple contribuent à divers projets afin de faire évoluer leurs produits ainsi que la communauté du logiciel libre. Les utilisateurs ne sont plus autant intéressés par des applications qui disposent de fonctionnalités techniques très poussées qui ne utilisées que rarement. L’esprit d’ouverture et de collaboration permet de faire avancer l’informatique dans la direction de l’utilisateur et d’en faire profiter tout le monde. Les progiciels n’y échappent pas, des solutions pour tous les domaines font leur apparition. Astersik, Pentaho, Compiere et d’autres se font une place dans le monde de l’entreprise. Ce qui nous mène à nous demander si ces solutions conduisent effectivement à des économies, ou est-ce que le simple fait qu’il n’y a pas de frais de licence nous liasse penser que c’est le cas.</subfield>
  </datafield>
  <datafield tag="695" ind1=" " ind2=" ">
    <subfield code="9">fre</subfield>
    <subfield code="a">logiciel intégré ; logiciel libre ; ERP ; </subfield>
  </datafield>
  <datafield tag="700" ind1=" " ind2=" ">
    <subfield code="a">Daehne, Peter</subfield>
    <subfield code="e">Dir.</subfield>
  </datafield>
  <datafield tag="856" ind1="4" ind2=" ">
    <subfield code="f">TD_Sorensen.pdf</subfield>
    <subfield code="q">application/pdf</subfield>
    <subfield code="s">259216</subfield>
    <subfield code="u">http://doc.rero.ch/record/8989/files/TD_Sorensen.pdf</subfield>
    <subfield code="y">order:1</subfield>
    <subfield code="z">Mémoire</subfield>
  </datafield>
  <datafield tag="918" ind1=" " ind2=" ">
    <subfield code="a">Haute école de gestion de Genève</subfield>
    <subfield code="c">Informatique de gestion</subfield>
    <subfield code="b">Campus de Battelle, Bâtiment F, 7 route de Drize, 1227 Carouge</subfield>
  </datafield>
  <datafield tag="919" ind1=" " ind2=" ">
    <subfield code="a">Haute école de gestion de Genève</subfield>
    <subfield code="b">Genève</subfield>
    <subfield code="d">doc.support@rero.ch</subfield>
  </datafield>
  <datafield tag="980" ind1=" " ind2=" ">
    <subfield code="a">DISSERTATION</subfield>
    <subfield code="b">HEGGE</subfield>
    <subfield code="f">DISS_BACHELOR</subfield>
  </datafield>
  <datafield tag="990" ind1=" " ind2=" ">
    <subfield code="a">20080326152524-BB</subfield>
  </datafield>
</record>