
<record>
  <controlfield tag="001">8988</controlfield>
  <controlfield tag="005">20130225121921.0</controlfield>
  <datafield tag="024" ind1="8" ind2=" ">
    <subfield code="a">oai:doc.rero.ch:20080326152021-MF</subfield>
    <subfield code="p">dissertation</subfield>
    <subfield code="p">rero_explore</subfield>
    <subfield code="z">cdu1</subfield>
    <subfield code="z">preprint</subfield>
    <subfield code="z">hegge</subfield>
    <subfield code="z">cdu16</subfield>
    <subfield code="z">journal</subfield>
    <subfield code="z">book</subfield>
    <subfield code="z">cdu004</subfield>
    <subfield code="z">thesis</subfield>
    <subfield code="z">report</subfield>
    <subfield code="z">thesis_urn</subfield>
    <subfield code="z">cdu34</subfield>
    <subfield code="z">postprint</subfield>
  </datafield>
  <datafield tag="041" ind1=" " ind2=" ">
    <subfield code="a">fre</subfield>
  </datafield>
  <datafield tag="080" ind1=" " ind2=" ">
    <subfield code="a">004</subfield>
  </datafield>
  <datafield tag="100" ind1=" " ind2=" ">
    <subfield code="a">Robert-Nicoud, Olivier</subfield>
  </datafield>
  <datafield tag="245" ind1=" " ind2=" ">
    <subfield code="9">fre</subfield>
    <subfield code="a">Le logiciel libre dans la gestion de projet IT</subfield>
  </datafield>
  <datafield tag="300" ind1=" " ind2=" ">
    <subfield code="a">109 p.</subfield>
  </datafield>
  <datafield tag="502" ind1=" " ind2=" ">
    <subfield code="9">2007</subfield>
    <subfield code="a">Mémoire de diplôme HES : Haute école de gestion de Genève, 2007 ; TDIG 17</subfield>
  </datafield>
  <datafield tag="520" ind1=" " ind2=" ">
    <subfield code="9">fre</subfield>
    <subfield code="a">L’objectif de ce travail de diplôme est d’explorer le monde du logiciel libre, de tester des logiciels libres de gestion de projet et d’avoir l’avis d’entreprises ayant fait la démarche d’utiliser des logiciels libres. Ce mémoire permettra à tous les chefs de projet, qui recherchent un logiciel libre de gestion de projet, d’avoir une description et une étude détaillée de sept logiciels libres de gestion de projet. Ils choisiront le logiciel qui sied le mieux à leurs besoins. De plus, l’analyse facilite au maximum l’utilisation du logiciel choisi. Vous trouverez aussi le compte rendu des entreprises cibles : Hortis, le CTI et LynuxSolutions qui m’ont permis de les interviewer. Les thèmes concernant l’historique, le business et les logiciels libres de l’entreprise, ainsi que la mise en place, l’attente et la sécurité des logiciels libres seront abordés. Il est essentiel que le lecteur utilise cet ouvrage s’il désire se familiariser avec un des sept logiciels libres de gestion de projet qui a passé le test de l’analyse multicritère* avec pondération par matrice de préférence*.</subfield>
  </datafield>
  <datafield tag="695" ind1=" " ind2=" ">
    <subfield code="9">fre</subfield>
    <subfield code="a">logiciel libre ; gestion des projets</subfield>
  </datafield>
  <datafield tag="700" ind1=" " ind2=" ">
    <subfield code="a">Banoff, Alexandre de</subfield>
    <subfield code="e">Dir.</subfield>
  </datafield>
  <datafield tag="856" ind1="4" ind2=" ">
    <subfield code="f">Final_Travail_Dipl_me_Olivier_Robert_Nicoud.pdf</subfield>
    <subfield code="q">application/pdf</subfield>
    <subfield code="s">4973098</subfield>
    <subfield code="u">http://doc.rero.ch/record/8988/files/Final_Travail_Dipl_me_Olivier_Robert_Nicoud.pdf</subfield>
    <subfield code="y">order:1</subfield>
    <subfield code="z">Mémoire</subfield>
  </datafield>
  <datafield tag="918" ind1=" " ind2=" ">
    <subfield code="a">Haute école de gestion de Genève</subfield>
    <subfield code="c">Informatique de gestion</subfield>
    <subfield code="b">Campus de Battelle, Bâtiment F, 7 route de Drize, 1227 Carouge</subfield>
  </datafield>
  <datafield tag="919" ind1=" " ind2=" ">
    <subfield code="a">Haute école de gestion de Genève</subfield>
    <subfield code="b">Genève</subfield>
    <subfield code="d">doc.support@rero.ch</subfield>
  </datafield>
  <datafield tag="980" ind1=" " ind2=" ">
    <subfield code="a">DISSERTATION</subfield>
    <subfield code="b">HEGGE</subfield>
    <subfield code="f">DISS_BACHELOR</subfield>
  </datafield>
  <datafield tag="990" ind1=" " ind2=" ">
    <subfield code="a">20080326152021-MF</subfield>
  </datafield>
</record>