
<record>
  <controlfield tag="001">8987</controlfield>
  <controlfield tag="005">20130225121921.0</controlfield>
  <datafield tag="024" ind1="8" ind2=" ">
    <subfield code="a">oai:doc.rero.ch:20080326151443-CP</subfield>
    <subfield code="p">dissertation</subfield>
    <subfield code="p">rero_explore</subfield>
    <subfield code="z">cdu1</subfield>
    <subfield code="z">preprint</subfield>
    <subfield code="z">hegge</subfield>
    <subfield code="z">cdu16</subfield>
    <subfield code="z">journal</subfield>
    <subfield code="z">book</subfield>
    <subfield code="z">cdu004</subfield>
    <subfield code="z">thesis</subfield>
    <subfield code="z">report</subfield>
    <subfield code="z">thesis_urn</subfield>
    <subfield code="z">cdu34</subfield>
    <subfield code="z">postprint</subfield>
  </datafield>
  <datafield tag="041" ind1=" " ind2=" ">
    <subfield code="a">fre</subfield>
  </datafield>
  <datafield tag="080" ind1=" " ind2=" ">
    <subfield code="a">004</subfield>
  </datafield>
  <datafield tag="100" ind1=" " ind2=" ">
    <subfield code="a">Pellaux, Alain</subfield>
  </datafield>
  <datafield tag="245" ind1=" " ind2=" ">
    <subfield code="9">fre</subfield>
    <subfield code="a">Au coeur du web participatif</subfield>
    <subfield code="b">AJAX</subfield>
  </datafield>
  <datafield tag="300" ind1=" " ind2=" ">
    <subfield code="a">38 p.</subfield>
  </datafield>
  <datafield tag="502" ind1=" " ind2=" ">
    <subfield code="9">2007</subfield>
    <subfield code="a">Mémoire de diplôme HES : Haute école de gestion de Genève, 2007 ; TDIG 16</subfield>
  </datafield>
  <datafield tag="520" ind1=" " ind2=" ">
    <subfield code="9">fre</subfield>
    <subfield code="a">L’objectif principal de ce mémoire fut l'étude des différentes technologies composant Ajax et la réalisation d'un prototype d'application illustrant leur mise en œuvre. Pour ce faire nous avons commencé par exposer ce qu’est le Web et son évolution, tout en faisant le lien entre l’apparition d’applications Web se rapprochant de celles dites de bureau et l’apparition d’Ajax. Par la suite, nous avons expliqué le principe de fonctionnement d’Ajax et ce qu’il apporte, puis détaillé les différentes technologies qui le composent. Nous avons présenté la syntaxe et le fonctionnement de ces différents langages, qui peuvent d'ailleurs tous fonctionner de manière indépendants les unes des autres. Enfin, après avoir détaillé le prototype d'application et son fonctionnement, nous avons parlé, avec les frameworks, des différents moyens mis à disposition d’un développeur pour construire une application Ajax, de ses points forts et de ses points faibles ainsi que des autres méthodes permettant d’obtenir des résultats similaires à une application Ajax.</subfield>
  </datafield>
  <datafield tag="695" ind1=" " ind2=" ">
    <subfield code="9">fre</subfield>
    <subfield code="a">AJAX (Asychronous JavaScript and XML) ; Web 2.0</subfield>
  </datafield>
  <datafield tag="700" ind1=" " ind2=" ">
    <subfield code="a">Daehne, Peter</subfield>
    <subfield code="e">Dir.</subfield>
  </datafield>
  <datafield tag="856" ind1="4" ind2=" ">
    <subfield code="f">annexe.pdf</subfield>
    <subfield code="q">application/pdf</subfield>
    <subfield code="s">49341</subfield>
    <subfield code="u">http://doc.rero.ch/record/8987/files/annexe.pdf</subfield>
    <subfield code="y">order:2</subfield>
    <subfield code="z">Annexes</subfield>
  </datafield>
  <datafield tag="856" ind1="4" ind2=" ">
    <subfield code="f">td_AlainPellaux.pdf</subfield>
    <subfield code="q">application/pdf</subfield>
    <subfield code="s">1687587</subfield>
    <subfield code="u">http://doc.rero.ch/record/8987/files/td_AlainPellaux.pdf</subfield>
    <subfield code="y">order:1</subfield>
    <subfield code="z">Mémoire</subfield>
  </datafield>
  <datafield tag="918" ind1=" " ind2=" ">
    <subfield code="a">Haute école de gestion de Genève</subfield>
    <subfield code="c">Informatique de gestion</subfield>
    <subfield code="b">Campus de Battelle, Bâtiment F, 7 route de Drize, 1227 Carouge</subfield>
  </datafield>
  <datafield tag="919" ind1=" " ind2=" ">
    <subfield code="a">Haute école de gestion de Genève</subfield>
    <subfield code="b">Genève</subfield>
    <subfield code="d">doc.support@rero.ch</subfield>
  </datafield>
  <datafield tag="980" ind1=" " ind2=" ">
    <subfield code="a">DISSERTATION</subfield>
    <subfield code="b">HEGGE</subfield>
    <subfield code="f">DISS_BACHELOR</subfield>
  </datafield>
  <datafield tag="990" ind1=" " ind2=" ">
    <subfield code="a">20080326151443-CP</subfield>
  </datafield>
</record>