
<record>
  <controlfield tag="001">8986</controlfield>
  <controlfield tag="005">20130225121920.0</controlfield>
  <datafield tag="024" ind1="8" ind2=" ">
    <subfield code="a">oai:doc.rero.ch:20080326150751-WD</subfield>
    <subfield code="p">dissertation</subfield>
    <subfield code="p">rero_explore</subfield>
    <subfield code="z">cdu1</subfield>
    <subfield code="z">preprint</subfield>
    <subfield code="z">hegge</subfield>
    <subfield code="z">cdu16</subfield>
    <subfield code="z">journal</subfield>
    <subfield code="z">book</subfield>
    <subfield code="z">cdu004</subfield>
    <subfield code="z">thesis</subfield>
    <subfield code="z">report</subfield>
    <subfield code="z">thesis_urn</subfield>
    <subfield code="z">cdu34</subfield>
    <subfield code="z">postprint</subfield>
  </datafield>
  <datafield tag="041" ind1=" " ind2=" ">
    <subfield code="a">eng</subfield>
  </datafield>
  <datafield tag="080" ind1=" " ind2=" ">
    <subfield code="a">004</subfield>
  </datafield>
  <datafield tag="100" ind1=" " ind2=" ">
    <subfield code="a">Marmier, Raphaël</subfield>
  </datafield>
  <datafield tag="245" ind1=" " ind2=" ">
    <subfield code="9">eng</subfield>
    <subfield code="a">Test-driving EvoSpaces</subfield>
    <subfield code="b">software visualisation in the real world</subfield>
  </datafield>
  <datafield tag="300" ind1=" " ind2=" ">
    <subfield code="a">73 p.</subfield>
  </datafield>
  <datafield tag="502" ind1=" " ind2=" ">
    <subfield code="9">2007</subfield>
    <subfield code="a">Mémoire de diplôme HES : Haute école de gestion de Genève, 2007 ; TDIG 15</subfield>
  </datafield>
  <datafield tag="520" ind1=" " ind2=" ">
    <subfield code="9">fre</subfield>
    <subfield code="a">EvoSpaces is a prototype software visualisation tool that represents the source code of an application as a city in 3D. The size and shape of the buildings are mapped to software metrics. A special “night mode” allows visualising execution traces as rays of light between buildings. Our mission was to try EvoSpaces on an industrial-sized real world application. The first part of this work consisted in adapting EvoSpaces to a new database schema, generate metrics on the code of our target application and load execution traces. To do so, we implemented the Abstract Factory pattern in the database backend and wrote specialised tools. In the second part, we defined what is expected from EvoSpaces on a software maintainer’s point of view, and the design rules it must follow in order to be useful. Following a scenario of discovery, we asked ourselves typical maintainer questions. We then checked if we could answer them with the tool. Through this experimentation, we uncovered a flaw in how metrics were mapped to buildings, for which we provide a solution. We also made a number of small improvements and bug fixes. In this work, we believe we have brought EvoSpaces to the next level. The revised display combined with new software metrics has demonstrated its usefulness. More generally, the concept of driving a 3D world with software metric is validated. In conclusion, we believe that EvoSpaces includes now all the necessary elements to become a product for real world use. Finally, we assert that imagining and developing innovative software metrics is the key to EvoSpaces future.</subfield>
  </datafield>
  <datafield tag="695" ind1=" " ind2=" ">
    <subfield code="9">fre</subfield>
    <subfield code="a">EvoSpaces (logiciel) ; logiciel - évaluation ; logiciel - adaptation</subfield>
  </datafield>
  <datafield tag="700" ind1=" " ind2=" ">
    <subfield code="a">Dugerdil, Philippe</subfield>
    <subfield code="e">Dir.</subfield>
  </datafield>
  <datafield tag="856" ind1="4" ind2=" ">
    <subfield code="f">TD-Raphael_Marmier_final.pdf</subfield>
    <subfield code="q">application/pdf</subfield>
    <subfield code="s">3163905</subfield>
    <subfield code="u">http://doc.rero.ch/record/8986/files/TD-Raphael_Marmier_final.pdf</subfield>
    <subfield code="y">order:1</subfield>
    <subfield code="z">Mémoire</subfield>
  </datafield>
  <datafield tag="918" ind1=" " ind2=" ">
    <subfield code="a">Haute école de gestion de Genève</subfield>
    <subfield code="c">Informatique de gestion</subfield>
    <subfield code="b">Campus de Battelle, Bâtiment F, 7 route de Drize, 1227 Carouge</subfield>
  </datafield>
  <datafield tag="919" ind1=" " ind2=" ">
    <subfield code="a">Haute école de gestion de Genève</subfield>
    <subfield code="b">Genève</subfield>
    <subfield code="d">doc.support@rero.ch</subfield>
  </datafield>
  <datafield tag="980" ind1=" " ind2=" ">
    <subfield code="a">DISSERTATION</subfield>
    <subfield code="b">HEGGE</subfield>
    <subfield code="f">DISS_BACHELOR</subfield>
  </datafield>
  <datafield tag="990" ind1=" " ind2=" ">
    <subfield code="a">20080326150751-WD</subfield>
  </datafield>
</record>