
<record>
  <controlfield tag="001">8985</controlfield>
  <controlfield tag="005">20130225121920.0</controlfield>
  <datafield tag="024" ind1="8" ind2=" ">
    <subfield code="a">oai:doc.rero.ch:20080326145952-WR</subfield>
    <subfield code="p">dissertation</subfield>
    <subfield code="p">rero_explore</subfield>
    <subfield code="z">cdu1</subfield>
    <subfield code="z">preprint</subfield>
    <subfield code="z">hegge</subfield>
    <subfield code="z">cdu16</subfield>
    <subfield code="z">journal</subfield>
    <subfield code="z">book</subfield>
    <subfield code="z">cdu004</subfield>
    <subfield code="z">thesis</subfield>
    <subfield code="z">report</subfield>
    <subfield code="z">thesis_urn</subfield>
    <subfield code="z">cdu34</subfield>
    <subfield code="z">postprint</subfield>
  </datafield>
  <datafield tag="041" ind1=" " ind2=" ">
    <subfield code="a">fre</subfield>
  </datafield>
  <datafield tag="080" ind1=" " ind2=" ">
    <subfield code="a">004</subfield>
  </datafield>
  <datafield tag="100" ind1=" " ind2=" ">
    <subfield code="a">Maqbool, Muhammad</subfield>
  </datafield>
  <datafield tag="245" ind1=" " ind2=" ">
    <subfield code="9">fre</subfield>
    <subfield code="a">Impact du choix du SGBD et de l'architecture client-serveur pour garantir le service d'un SGBD mis sous forte charge concurrente</subfield>
  </datafield>
  <datafield tag="300" ind1=" " ind2=" ">
    <subfield code="a">47 p.</subfield>
  </datafield>
  <datafield tag="502" ind1=" " ind2=" ">
    <subfield code="9">2007</subfield>
    <subfield code="a">Mémoire de diplôme HES : Haute école de gestion de Genève, 2007 ; TDIG 14</subfield>
  </datafield>
  <datafield tag="520" ind1=" " ind2=" ">
    <subfield code="9">fre</subfield>
    <subfield code="a">Dans ce travail, on essaye de déterminer si un système de gestion de base de données supporte bien le stress par rapport à un autre et ceci avec plusieurs architectures client‐serveur. Les SGBD testés sont « Oracle » et « SQL Server », et les architectures sont « Présentation déportée » et « Accès aux données à distance ». Pour effectuer ce travail, une application interagissant avec la base de données a été mise sous stress par un outil de test. Les résultats générés par cet outil nous ont permit de déterminer le meilleur choix d’architecture et de SGBD. On a pu conclure que, si on trouve la rapidité de réponse, il faut toujours essayer de privilégier l’architecture « Présentation déporté », parce que les deux SGBD testés ont répondus plus rapidement avec cette architecture. Ce qui concerne les SGBD, on a vu que SQL Server était très lent, quand il était utilisé avec « Accès aux données à distance », ça peut être du au fait que le SQL Server ne sache pas réutiliser un plan d’exécution déjà généré. Le temps de réponse des trois autres couples était très proche.</subfield>
  </datafield>
  <datafield tag="695" ind1=" " ind2=" ">
    <subfield code="9">fre</subfield>
    <subfield code="a">bases de données ; Oracle (système informatique) ; SQL Server</subfield>
  </datafield>
  <datafield tag="700" ind1=" " ind2=" ">
    <subfield code="a">Hauri, Rolf</subfield>
    <subfield code="e">Dir.</subfield>
  </datafield>
  <datafield tag="856" ind1="4" ind2=" ">
    <subfield code="f">Th_se.pdf</subfield>
    <subfield code="q">application/pdf</subfield>
    <subfield code="s">3855270</subfield>
    <subfield code="u">http://doc.rero.ch/record/8985/files/Th_se.pdf</subfield>
    <subfield code="y">order:1</subfield>
    <subfield code="z">Mémoire</subfield>
  </datafield>
  <datafield tag="918" ind1=" " ind2=" ">
    <subfield code="a">Haute école de gestion de Genève</subfield>
    <subfield code="c">Informatique de gestion</subfield>
    <subfield code="b">Campus de Battelle, Bâtiment F, 7 route de Drize, 1227 Carouge</subfield>
  </datafield>
  <datafield tag="919" ind1=" " ind2=" ">
    <subfield code="a">Haute école de gestion de Genève</subfield>
    <subfield code="b">Genève</subfield>
    <subfield code="d">doc.support@rero.ch</subfield>
  </datafield>
  <datafield tag="980" ind1=" " ind2=" ">
    <subfield code="a">DISSERTATION</subfield>
    <subfield code="b">HEGGE</subfield>
    <subfield code="f">DISS_BACHELOR</subfield>
  </datafield>
  <datafield tag="990" ind1=" " ind2=" ">
    <subfield code="a">20080326145952-WR</subfield>
  </datafield>
</record>