
<record>
  <controlfield tag="001">8982</controlfield>
  <controlfield tag="005">20130225121920.0</controlfield>
  <datafield tag="024" ind1="8" ind2=" ">
    <subfield code="a">oai:doc.rero.ch:20080326121922-LO</subfield>
    <subfield code="p">dissertation</subfield>
    <subfield code="p">rero_explore</subfield>
    <subfield code="z">cdu1</subfield>
    <subfield code="z">preprint</subfield>
    <subfield code="z">hegge</subfield>
    <subfield code="z">cdu16</subfield>
    <subfield code="z">journal</subfield>
    <subfield code="z">book</subfield>
    <subfield code="z">cdu004</subfield>
    <subfield code="z">thesis</subfield>
    <subfield code="z">report</subfield>
    <subfield code="z">thesis_urn</subfield>
    <subfield code="z">cdu34</subfield>
    <subfield code="z">postprint</subfield>
  </datafield>
  <datafield tag="041" ind1=" " ind2=" ">
    <subfield code="a">fre</subfield>
  </datafield>
  <datafield tag="080" ind1=" " ind2=" ">
    <subfield code="a">004</subfield>
  </datafield>
  <datafield tag="100" ind1=" " ind2=" ">
    <subfield code="a">Jelicic, André</subfield>
  </datafield>
  <datafield tag="245" ind1=" " ind2=" ">
    <subfield code="9">fre</subfield>
    <subfield code="a">Comment mettre en place un SMQ des relations internationales dans une haute école suisse ?</subfield>
    <subfield code="b">expérience pratique à la Haute école de gestion de Genève</subfield>
  </datafield>
  <datafield tag="300" ind1=" " ind2=" ">
    <subfield code="a">57 p.</subfield>
  </datafield>
  <datafield tag="502" ind1=" " ind2=" ">
    <subfield code="9">2007</subfield>
    <subfield code="a">Mémoire de diplôme HES : Haute école de gestion de Genève, 2007 ; TDIG 12</subfield>
  </datafield>
  <datafield tag="520" ind1=" " ind2=" ">
    <subfield code="9">fre</subfield>
    <subfield code="a">Depuis la ratification de la déclaration de Bologne par la Suisse, une vague de réforme s’est mise en place dans le domaine des hautes écoles. Celles-ci pour s’y conformer, doivent principalement conclure des accords et collaborer avec des hautes écoles partenaires à l’étranger et mettre en place un système de management de qualité. Ce travail de diplôme se veut une aide pour les responsables des relations internationales et les responsables qualité des hautes écoles suisses dans l’accomplissement de cette tâche. Il défini les notions de qualité, de système de gestion de la qualité et présente les référentiels existants en la matière. Il explique en quoi consiste le service des relations internationales d’une haute école et s’appuie sur la méthodologie proposée par les normes ISO 9000 et 9001 pour mettre en place le SMQ de ce service. Suivant cette méthodologie, une analyse détaillée du SMQ des relations internationales de la HEG-GE y est présentée dans le but d’aider le lecteur à en comprendre l’application. En conclusion, vous trouverez les propositions d’amélioration que l’auteur a formulées et qui peuvent bien entendu s’appliquer à n’importe quelle haute école dans une situation comparable.</subfield>
  </datafield>
  <datafield tag="695" ind1=" " ind2=" ">
    <subfield code="9">fre</subfield>
    <subfield code="a">qualité ; relations internationales ; enseignement supérieure ; Haute école de gestion (Genève)</subfield>
  </datafield>
  <datafield tag="700" ind1=" " ind2=" ">
    <subfield code="a">Burdet, Xavier</subfield>
    <subfield code="e">Dir.</subfield>
  </datafield>
  <datafield tag="856" ind1="4" ind2=" ">
    <subfield code="f">TD_Andre_Jelicic.pdf</subfield>
    <subfield code="q">application/pdf</subfield>
    <subfield code="s">472838</subfield>
    <subfield code="u">http://doc.rero.ch/record/8982/files/TD_Andre_Jelicic.pdf</subfield>
    <subfield code="y">order:1</subfield>
    <subfield code="z">Mémoire</subfield>
  </datafield>
  <datafield tag="918" ind1=" " ind2=" ">
    <subfield code="a">Haute école de gestion de Genève</subfield>
    <subfield code="c">Informatique de gestion</subfield>
    <subfield code="b">Campus de Battelle, Bâtiment F, 7 route de Drize, 1227 Carouge</subfield>
  </datafield>
  <datafield tag="919" ind1=" " ind2=" ">
    <subfield code="a">Haute école de gestion de Genève</subfield>
    <subfield code="b">Genève</subfield>
    <subfield code="d">doc.support@rero.ch</subfield>
  </datafield>
  <datafield tag="980" ind1=" " ind2=" ">
    <subfield code="a">DISSERTATION</subfield>
    <subfield code="b">HEGGE</subfield>
    <subfield code="f">DISS_BACHELOR</subfield>
  </datafield>
  <datafield tag="990" ind1=" " ind2=" ">
    <subfield code="a">20080326121922-LO</subfield>
  </datafield>
</record>