
<record>
  <controlfield tag="001">8973</controlfield>
  <controlfield tag="005">20130211173040.0</controlfield>
  <datafield tag="024" ind1="8" ind2=" ">
    <subfield code="a">oai:doc.rero.ch:20080325154840-SZ</subfield>
    <subfield code="p">dissertation</subfield>
    <subfield code="z">cdu1</subfield>
    <subfield code="z">preprint</subfield>
    <subfield code="z">hegge</subfield>
    <subfield code="z">cdu16</subfield>
    <subfield code="z">journal</subfield>
    <subfield code="z">book</subfield>
    <subfield code="z">cdu02</subfield>
    <subfield code="z">thesis</subfield>
    <subfield code="z">report</subfield>
    <subfield code="z">thesis_urn</subfield>
    <subfield code="z">cdu34</subfield>
    <subfield code="z">postprint</subfield>
  </datafield>
  <datafield tag="035" ind1=" " ind2=" ">
    <subfield code="a">R004669674</subfield>
  </datafield>
  <datafield tag="041" ind1=" " ind2=" ">
    <subfield code="a">fre</subfield>
  </datafield>
  <datafield tag="080" ind1=" " ind2=" ">
    <subfield code="a">02</subfield>
  </datafield>
  <datafield tag="100" ind1=" " ind2=" ">
    <subfield code="a">Clément, Sandrine</subfield>
  </datafield>
  <datafield tag="245" ind1=" " ind2=" ">
    <subfield code="9">fre</subfield>
    <subfield code="a">La bibliothèque sans bibliothécaire</subfield>
    <subfield code="b">l'autogestion comme outil de communication à la Cité du Genévrier</subfield>
  </datafield>
  <datafield tag="300" ind1=" " ind2=" ">
    <subfield code="a">84 p.</subfield>
  </datafield>
  <datafield tag="502" ind1=" " ind2=" ">
    <subfield code="9">2007</subfield>
    <subfield code="a">Mémoire de diplôme HES : Haute école de gestion de Genève, 2007 ; TDB 2036</subfield>
  </datafield>
  <datafield tag="520" ind1=" " ind2=" ">
    <subfield code="9">fre</subfield>
    <subfield code="a">La Cité du Genévrier, située à Saint-Légier sur Vevey, dans le canton de Vaud, est une institution qui accueille des personnes physiquement et/ou mentalement polyhandicapées. Cet établissement fait partie de la Fondation Eben-Hezer qui compte également deux institutions-soeurs, les Maisons des Chavannes et le Home Salem. Un nouveau bâtiment a été construit; il accueillera notamment l’administration de l’institution. La bibliothèque y disposera d’un local bien éclairé, à proximité directe de la réception. A l’occasion du déménagement s’est posée la question suivante : cela vaut-il la peine de déménager la bibliothèque, ou le moment est-il venu de la supprimer? Le changement de lieu est présenté comme une opportunité de régler définitivement le problème de sa gestion. Nous avons donc été mandatées pour juger de l’utilité ou non de la bibliothèque d’après les besoins des collaborateurs, puis pour élaborer des scenarii, qui puissent être présentés au Conseil de direction. Tels sont les objectifs généraux fixés au départ.</subfield>
  </datafield>
  <datafield tag="695" ind1=" " ind2=" ">
    <subfield code="9">fre</subfield>
    <subfield code="a">bibliothèque - organisation (structure) ; autogestion ; Cité du genévrier</subfield>
  </datafield>
  <datafield tag="700" ind1=" " ind2=" ">
    <subfield code="a">Salamin, Caroline</subfield>
  </datafield>
  <datafield tag="700" ind1=" " ind2=" ">
    <subfield code="a">Wyler, Debora</subfield>
  </datafield>
  <datafield tag="700" ind1=" " ind2=" ">
    <subfield code="a">Schneider, René</subfield>
    <subfield code="e">Dir.</subfield>
  </datafield>
  <datafield tag="856" ind1="4" ind2=" ">
    <subfield code="f">annexes_memoire_genevrier.pdf</subfield>
    <subfield code="q">application/pdf</subfield>
    <subfield code="s">390974</subfield>
    <subfield code="u">http://doc.rero.ch/record/8973/files/annexes_memoire_genevrier.pdf</subfield>
    <subfield code="y">order:2</subfield>
    <subfield code="z">Annexes</subfield>
  </datafield>
  <datafield tag="856" ind1="4" ind2=" ">
    <subfield code="f">memoire_genevrier.pdf</subfield>
    <subfield code="q">application/pdf</subfield>
    <subfield code="s">324474</subfield>
    <subfield code="u">http://doc.rero.ch/record/8973/files/memoire_genevrier.pdf</subfield>
    <subfield code="y">order:1</subfield>
    <subfield code="z">Mémoire</subfield>
  </datafield>
  <datafield tag="918" ind1=" " ind2=" ">
    <subfield code="a">Haute école de gestion de Genève</subfield>
    <subfield code="c">Information documentaire</subfield>
    <subfield code="b">Campus de Battelle, Bâtiment F, 7 route de Drize, 1227 Carouge</subfield>
  </datafield>
  <datafield tag="919" ind1=" " ind2=" ">
    <subfield code="a">Haute école de gestion de Genève</subfield>
    <subfield code="b">Genève</subfield>
    <subfield code="d">doc.support@rero.ch</subfield>
  </datafield>
  <datafield tag="980" ind1=" " ind2=" ">
    <subfield code="a">DISSERTATION</subfield>
    <subfield code="b">HEGGE</subfield>
    <subfield code="f">DISS_BACHELOR</subfield>
  </datafield>
  <datafield tag="990" ind1=" " ind2=" ">
    <subfield code="a">20080325154840-SZ</subfield>
  </datafield>
</record>