
<record>
  <controlfield tag="001">8970</controlfield>
  <controlfield tag="005">20130211173040.0</controlfield>
  <datafield tag="024" ind1="8" ind2=" ">
    <subfield code="a">oai:doc.rero.ch:20080325144613-PJ</subfield>
    <subfield code="p">dissertation</subfield>
    <subfield code="z">cdu1</subfield>
    <subfield code="z">preprint</subfield>
    <subfield code="z">hegge</subfield>
    <subfield code="z">cdu16</subfield>
    <subfield code="z">journal</subfield>
    <subfield code="z">book</subfield>
    <subfield code="z">cdu02</subfield>
    <subfield code="z">thesis</subfield>
    <subfield code="z">report</subfield>
    <subfield code="z">thesis_urn</subfield>
    <subfield code="z">cdu34</subfield>
    <subfield code="z">postprint</subfield>
  </datafield>
  <datafield tag="035" ind1=" " ind2=" ">
    <subfield code="a">R004651279</subfield>
  </datafield>
  <datafield tag="041" ind1=" " ind2=" ">
    <subfield code="a">fre</subfield>
  </datafield>
  <datafield tag="080" ind1=" " ind2=" ">
    <subfield code="a">02</subfield>
  </datafield>
  <datafield tag="100" ind1=" " ind2=" ">
    <subfield code="a">Chouhmat, Leïla</subfield>
  </datafield>
  <datafield tag="245" ind1=" " ind2=" ">
    <subfield code="9">fre</subfield>
    <subfield code="a">Médiation signalétique à la médiathèque du cycle d'orientation de Montbrillant</subfield>
  </datafield>
  <datafield tag="300" ind1=" " ind2=" ">
    <subfield code="a">91 f.</subfield>
  </datafield>
  <datafield tag="502" ind1=" " ind2=" ">
    <subfield code="9">2007</subfield>
    <subfield code="a">Mémoire de diplôme HES : Haute école de gestion de Genève, 2007 ; TDB 2039</subfield>
  </datafield>
  <datafield tag="520" ind1=" " ind2=" ">
    <subfield code="9">fre</subfield>
    <subfield code="a">Situé au milieu d’une zone urbaine dense, le cycle d’orientation de Montbrillant accueille plus de 700 élèves répartis uniformément entre la 7e et la 9e année. La médiathèque au deuxième étage propose des documentaires, romans, BD, dossiers documentaires, périodiques, CD et DVD ainsi qu’un accès au catalogue et Internet. Le cycle d’orientation date de 2003 et la médiathèque propose des fonds très jeunes et actuels. Désireuse d’améliorer constamment son offre et ses services, la dynamique médiathécaire propose fréquemment des travaux de diplôme. Dans ce cadre et afin d’aider les élèves du cycle d’orientation de Montbrillant à choisir un roman, la médiathécaire a proposé un travail de diplôme consistant à mettre en valeur le genre des ouvrages de fiction. Jusqu’alors classés par ordre alphabétique d’auteurs, les livres proposés étaient difficilement identifiables par les élèves. Les autres aspects du travail portent sur la signalétique générale de la médiathèque ainsi qu’une étude sur les rapports et les enseignements qu’il serait possible de trouver en comparant le marketing commercial, celui des musées avec celui de la médiathèque.</subfield>
  </datafield>
  <datafield tag="695" ind1=" " ind2=" ">
    <subfield code="9">fre</subfield>
    <subfield code="a">bibliothèque scolaire ; signalétique ; marketing ; Cycle d'orientation de Montbrillant (Genève)</subfield>
  </datafield>
  <datafield tag="700" ind1=" " ind2=" ">
    <subfield code="a">Mathey, Mélanie</subfield>
  </datafield>
  <datafield tag="700" ind1=" " ind2=" ">
    <subfield code="a">Hardegger, Michel</subfield>
  </datafield>
  <datafield tag="700" ind1=" " ind2=" ">
    <subfield code="a">Deschamps, Jacqueline</subfield>
    <subfield code="e">Dir.</subfield>
  </datafield>
  <datafield tag="700" ind1=" " ind2=" ">
    <subfield code="a">Vassalli, Daniela</subfield>
    <subfield code="e">Codir.</subfield>
  </datafield>
  <datafield tag="856" ind1="4" ind2=" ">
    <subfield code="f">travail_de_diplome.pdf</subfield>
    <subfield code="q">application/pdf</subfield>
    <subfield code="s">1329027</subfield>
    <subfield code="u">http://doc.rero.ch/record/8970/files/travail_de_diplome.pdf</subfield>
    <subfield code="y">order:1</subfield>
    <subfield code="z">Mémoire</subfield>
  </datafield>
  <datafield tag="918" ind1=" " ind2=" ">
    <subfield code="a">Haute école de gestion de Genève</subfield>
    <subfield code="c">Information documentaire</subfield>
    <subfield code="b">Campus de Battelle, Bâtiment F, 7 route de Drize, 1227 Carouge</subfield>
  </datafield>
  <datafield tag="919" ind1=" " ind2=" ">
    <subfield code="a">Haute école de gestion de Genève</subfield>
    <subfield code="b">Genève</subfield>
    <subfield code="d">doc.support@rero.ch</subfield>
  </datafield>
  <datafield tag="980" ind1=" " ind2=" ">
    <subfield code="a">DISSERTATION</subfield>
    <subfield code="b">HEGGE</subfield>
    <subfield code="f">DISS_BACHELOR</subfield>
  </datafield>
  <datafield tag="990" ind1=" " ind2=" ">
    <subfield code="a">20080325144613-PJ</subfield>
  </datafield>
</record>