
<record>
  <controlfield tag="001">8963</controlfield>
  <controlfield tag="005">20130211173040.0</controlfield>
  <datafield tag="024" ind1="8" ind2=" ">
    <subfield code="a">oai:doc.rero.ch:20080325103604-VM</subfield>
    <subfield code="p">dissertation</subfield>
    <subfield code="z">cdu1</subfield>
    <subfield code="z">preprint</subfield>
    <subfield code="z">hegge</subfield>
    <subfield code="z">cdu16</subfield>
    <subfield code="z">journal</subfield>
    <subfield code="z">book</subfield>
    <subfield code="z">cdu02</subfield>
    <subfield code="z">thesis</subfield>
    <subfield code="z">report</subfield>
    <subfield code="z">thesis_urn</subfield>
    <subfield code="z">cdu34</subfield>
    <subfield code="z">postprint</subfield>
  </datafield>
  <datafield tag="035" ind1=" " ind2=" ">
    <subfield code="a">R004669109</subfield>
  </datafield>
  <datafield tag="041" ind1=" " ind2=" ">
    <subfield code="a">fre</subfield>
  </datafield>
  <datafield tag="080" ind1=" " ind2=" ">
    <subfield code="a">02</subfield>
  </datafield>
  <datafield tag="100" ind1=" " ind2=" ">
    <subfield code="a">Dietrich, Coraline</subfield>
  </datafield>
  <datafield tag="245" ind1=" " ind2=" ">
    <subfield code="9">fre</subfield>
    <subfield code="a">Des chiffres et des lettres</subfield>
    <subfield code="b">refonte du plan de classement du CEDOC-CEC André-Chavanne</subfield>
  </datafield>
  <datafield tag="300" ind1=" " ind2=" ">
    <subfield code="a">2 vol.</subfield>
  </datafield>
  <datafield tag="502" ind1=" " ind2=" ">
    <subfield code="9">2007</subfield>
    <subfield code="a">Mémoire de diplôme HES : Haute école de gestion de Genève, 2007 ; TDB 2044</subfield>
  </datafield>
  <datafield tag="520" ind1=" " ind2=" ">
    <subfield code="9">fre</subfield>
    <subfield code="a">Nous avons été mandatées par le Centre de documentation du Collège et Ecole de commerce André-Chavanne à Genève (CEDOC) pour procéder à la refonte de son plan de classement, basé sur la CDU employée très finement. Mme Véronique Debellemanière, notre mandante et responsable du CEDOC, s’est posé la question de la pertinence, pour une bibliothèque du post-obligatoire, d’un système si développé qu’il engendre l’utilisation de cotes longues et compliquées. Nos objectifs, pour la réalisation de ce mandat, consistaient donc globalement à rendre le fonds plus accessible et à homogénéiser le plan de classement. Pour atteindre nos buts, nous avons passé par plusieurs étapes, qui nous ont permis de choisir le type de plan de classement à appliquer pour procéder enfin à la phase de réalisation de notre travail.</subfield>
  </datafield>
  <datafield tag="695" ind1=" " ind2=" ">
    <subfield code="9">fre</subfield>
    <subfield code="a">bibliothèque scolaire ; classification ; CEDOC-CEC André-Chavanne</subfield>
  </datafield>
  <datafield tag="700" ind1=" " ind2=" ">
    <subfield code="a">Lovy, Ivy</subfield>
  </datafield>
  <datafield tag="700" ind1=" " ind2=" ">
    <subfield code="a">Ruffieux, Joséphine</subfield>
  </datafield>
  <datafield tag="700" ind1=" " ind2=" ">
    <subfield code="a">Madinier, Hélène</subfield>
    <subfield code="e">Dir.</subfield>
  </datafield>
  <datafield tag="700" ind1=" " ind2=" ">
    <subfield code="a">Debellemanière, Véronique</subfield>
    <subfield code="e">Codir.</subfield>
  </datafield>
  <datafield tag="856" ind1="4" ind2=" ">
    <subfield code="f">Des_chiffres_et_des_lettres_annexes.pdf</subfield>
    <subfield code="q">application/pdf</subfield>
    <subfield code="s">1098690</subfield>
    <subfield code="u">http://doc.rero.ch/record/8963/files/Des_chiffres_et_des_lettres_annexes.pdf</subfield>
    <subfield code="y">order:2</subfield>
    <subfield code="z">Annexes</subfield>
  </datafield>
  <datafield tag="856" ind1="4" ind2=" ">
    <subfield code="f">Des_chiffres_et_des_lettres_m_moire.pdf</subfield>
    <subfield code="q">application/pdf</subfield>
    <subfield code="s">752258</subfield>
    <subfield code="u">http://doc.rero.ch/record/8963/files/Des_chiffres_et_des_lettres_m_moire.pdf</subfield>
    <subfield code="y">order:1</subfield>
    <subfield code="z">Mémoire</subfield>
  </datafield>
  <datafield tag="918" ind1=" " ind2=" ">
    <subfield code="a">Haute école de gestion de Genève</subfield>
    <subfield code="c">Information documentaire</subfield>
    <subfield code="b">Campus de Battelle, Bâtiment F, 7 route de Drize, 1227 Carouge</subfield>
  </datafield>
  <datafield tag="919" ind1=" " ind2=" ">
    <subfield code="a">Haute école de gestion de Genève</subfield>
    <subfield code="b">Genève</subfield>
    <subfield code="d">doc.support@rero.ch</subfield>
  </datafield>
  <datafield tag="980" ind1=" " ind2=" ">
    <subfield code="a">DISSERTATION</subfield>
    <subfield code="b">HEGGE</subfield>
    <subfield code="f">DISS_BACHELOR</subfield>
  </datafield>
  <datafield tag="990" ind1=" " ind2=" ">
    <subfield code="a">20080325103604-VM</subfield>
  </datafield>
</record>