
<record>
  <controlfield tag="001">8962</controlfield>
  <controlfield tag="005">20130211173040.0</controlfield>
  <datafield tag="024" ind1="8" ind2=" ">
    <subfield code="a">oai:doc.rero.ch:20080325102111-PF</subfield>
    <subfield code="p">dissertation</subfield>
    <subfield code="z">cdu1</subfield>
    <subfield code="z">preprint</subfield>
    <subfield code="z">hegge</subfield>
    <subfield code="z">cdu16</subfield>
    <subfield code="z">journal</subfield>
    <subfield code="z">book</subfield>
    <subfield code="z">cdu02</subfield>
    <subfield code="z">thesis</subfield>
    <subfield code="z">report</subfield>
    <subfield code="z">thesis_urn</subfield>
    <subfield code="z">cdu34</subfield>
    <subfield code="z">postprint</subfield>
  </datafield>
  <datafield tag="035" ind1=" " ind2=" ">
    <subfield code="a">R004651277</subfield>
  </datafield>
  <datafield tag="041" ind1=" " ind2=" ">
    <subfield code="a">fre</subfield>
  </datafield>
  <datafield tag="080" ind1=" " ind2=" ">
    <subfield code="a">02</subfield>
  </datafield>
  <datafield tag="100" ind1=" " ind2=" ">
    <subfield code="a">Ebiner, Sabine</subfield>
  </datafield>
  <datafield tag="245" ind1=" " ind2=" ">
    <subfield code="9">fre</subfield>
    <subfield code="a">Renforcer la coopération internationale dans le domaine de l'information documentaire</subfield>
    <subfield code="b">création d'une antenne de référence à la HEG-Genève : recherche de soutien auprès de la Direction du développement et de la coopération (DDC)</subfield>
  </datafield>
  <datafield tag="300" ind1=" " ind2=" ">
    <subfield code="a">219 f.</subfield>
  </datafield>
  <datafield tag="502" ind1=" " ind2=" ">
    <subfield code="9">2007</subfield>
    <subfield code="a">Mémoire de diplôme HES : Haute école de gestion de Genève, 2007 ; TDB 2045</subfield>
  </datafield>
  <datafield tag="520" ind1=" " ind2=" ">
    <subfield code="9">fre</subfield>
    <subfield code="a">Depuis plusieurs années, de nombreuses actions de coopération dans le cadre de l’information documentaire (ID) sont menées depuis la Suisse, notamment envers des pays d’Afrique et d’Amérique du Sud. Ces projets sont très variés et vont de la création de bibliothèques ou de centres de documentation à la formation de professionnels en ID, en passant par la formation à l’utilisation des ordinateurs et la fourniture d’accès à Internet. Ces initiatives ont un point commun : elles visent à offrir l’accès à l’information sous ses formes les plus diverses au plus grand nom-bre. Cependant, toutes ces actions ne sont que peu ou pas coordonnées entre elles. De plus, elles sont menées soit par des institutions plus ou moins recon-nues, soit par des individus sur leur propre initiative. A l’occasion du Sommet mondial sur la société de l’information (SMSI), les profes-sionnels de l’information ont pris conscience de l’absence de coordination entre les différents projets de coopération en ID et des conséquences que celle-ci entraine : lenteur des démarches, erreurs répétées, etc. C’est dans le but d’améliorer cette situation que le SLIR a élaboré le sujet de notre travail de diplôme. Nous avons donc été mandatées pour valoriser et renforcer les actions de coopération internationale dans le domaine de l’ID.</subfield>
  </datafield>
  <datafield tag="695" ind1=" " ind2=" ">
    <subfield code="9">fre</subfield>
    <subfield code="a">coopération internationale ; sciences de l'information</subfield>
  </datafield>
  <datafield tag="700" ind1=" " ind2=" ">
    <subfield code="a">Gonzalez, Evelyne</subfield>
  </datafield>
  <datafield tag="700" ind1=" " ind2=" ">
    <subfield code="a">Perroud, Stéphanie</subfield>
  </datafield>
  <datafield tag="700" ind1=" " ind2=" ">
    <subfield code="a">Zuber, Céline</subfield>
  </datafield>
  <datafield tag="700" ind1=" " ind2=" ">
    <subfield code="a">Estermann, Yolande</subfield>
    <subfield code="e">Dir.</subfield>
  </datafield>
  <datafield tag="700" ind1=" " ind2=" ">
    <subfield code="a">Mincio, Danielle</subfield>
    <subfield code="e">Codir.</subfield>
  </datafield>
  <datafield tag="700" ind1=" " ind2=" ">
    <subfield code="a">Pillet, Anne</subfield>
    <subfield code="e">Codir.</subfield>
  </datafield>
  <datafield tag="700" ind1=" " ind2=" ">
    <subfield code="a">Wenger, Ruth</subfield>
    <subfield code="e">Codir.</subfield>
  </datafield>
  <datafield tag="856" ind1="4" ind2=" ">
    <subfield code="f">M_moire_d_finitif.pdf</subfield>
    <subfield code="q">application/pdf</subfield>
    <subfield code="s">1463226</subfield>
    <subfield code="u">http://doc.rero.ch/record/8962/files/M_moire_d_finitif.pdf</subfield>
    <subfield code="y">order:1</subfield>
    <subfield code="z">Mémoire</subfield>
  </datafield>
  <datafield tag="918" ind1=" " ind2=" ">
    <subfield code="a">Haute école de gestion de Genève</subfield>
    <subfield code="c">Information documentaire</subfield>
    <subfield code="b">Campus de Battelle, Bâtiment F, 7 route de Drize, 1227 Carouge</subfield>
  </datafield>
  <datafield tag="919" ind1=" " ind2=" ">
    <subfield code="a">Haute école de gestion de Genève</subfield>
    <subfield code="b">Genève</subfield>
    <subfield code="d">doc.support@rero.ch</subfield>
  </datafield>
  <datafield tag="980" ind1=" " ind2=" ">
    <subfield code="a">DISSERTATION</subfield>
    <subfield code="b">HEGGE</subfield>
    <subfield code="f">DISS_BACHELOR</subfield>
  </datafield>
  <datafield tag="990" ind1=" " ind2=" ">
    <subfield code="a">20080325102111-PF</subfield>
  </datafield>
</record>