
<record>
  <controlfield tag="001">8961</controlfield>
  <controlfield tag="005">20130211173040.0</controlfield>
  <datafield tag="024" ind1="8" ind2=" ">
    <subfield code="a">oai:doc.rero.ch:20080325095512-FX</subfield>
    <subfield code="p">dissertation</subfield>
    <subfield code="z">cdu1</subfield>
    <subfield code="z">preprint</subfield>
    <subfield code="z">hegge</subfield>
    <subfield code="z">cdu16</subfield>
    <subfield code="z">journal</subfield>
    <subfield code="z">book</subfield>
    <subfield code="z">cdu02</subfield>
    <subfield code="z">thesis</subfield>
    <subfield code="z">report</subfield>
    <subfield code="z">thesis_urn</subfield>
    <subfield code="z">cdu34</subfield>
    <subfield code="z">postprint</subfield>
  </datafield>
  <datafield tag="035" ind1=" " ind2=" ">
    <subfield code="a">R004669046</subfield>
  </datafield>
  <datafield tag="041" ind1=" " ind2=" ">
    <subfield code="a">ger</subfield>
  </datafield>
  <datafield tag="080" ind1=" " ind2=" ">
    <subfield code="a">02</subfield>
  </datafield>
  <datafield tag="100" ind1=" " ind2=" ">
    <subfield code="a">Küffer, Sabina</subfield>
  </datafield>
  <datafield tag="245" ind1=" " ind2=" ">
    <subfield code="9">ger</subfield>
    <subfield code="a">Wie benutzerfreundlich ist der OPAC RERO ?</subfield>
    <subfield code="b">qualitative Analyse im Rahmen des Forschungsprojektes ACUEIL (Analyse du comportement des utilisateurs en recherche bibliographique - Extraction et interprétation des fichiers Log)</subfield>
  </datafield>
  <datafield tag="300" ind1=" " ind2=" ">
    <subfield code="a">124 p.</subfield>
  </datafield>
  <datafield tag="502" ind1=" " ind2=" ">
    <subfield code="9">2007</subfield>
    <subfield code="a">Mémoire de diplôme HES : Haute école de gestion de Genève, 2007 ; TDB 2048</subfield>
  </datafield>
  <datafield tag="520" ind1=" " ind2=" ">
    <subfield code="9">ger</subfield>
    <subfield code="a">Durch die Entwicklung in der Informationsgesellschaft stehen auch bibliothekarische Suchmaschinen (OPAC) vor neuen Herausforderungen. Der optimale OPAC sollte fä-hig sein, die zwei grössten Hindernisse zu bewältigen: • Beziehung Mensch – Maschine • Beziehung Suchmaschine – Datenbank Im Rahmen des Forschungsprojektes ACUEIL (Analyse du Comportement des Utili-sateurs en recherche bibliographique – Extraction et Interprétation des fichiers Log) wird die erste dieser Beziehungen genauer unter die Lupe genommen. Das Forschungsprojekt ACUEIL hat folgende Ziele: • Extraktion und Interpretation der Transaktionslisten , um Statistiken über das Benutzerverhalten zu erstellen (quantitative Analyse) • Qualitative Analyse des Benutzerverhaltens • Synthese der Ergebnisse aus den quantitativen und qualitativen Studien Im Rahmen dieser Diplomarbeit wurde der Punkt „die qualitative Analyse des Benut-zerverhaltens“ anhand von Leitfadeninterviews und unkontrollierten Aufzeichnungen vorgenommen.</subfield>
  </datafield>
  <datafield tag="695" ind1=" " ind2=" ">
    <subfield code="9">fre</subfield>
    <subfield code="a">catalogue (bibliothèque) ; analyse comportementale ; recherche de l'information ; RERO ; OPAC</subfield>
  </datafield>
  <datafield tag="700" ind1=" " ind2=" ">
    <subfield code="a">Stettler, Andrea,</subfield>
  </datafield>
  <datafield tag="700" ind1=" " ind2=" ">
    <subfield code="a">Schneider, René</subfield>
    <subfield code="e">Dir.</subfield>
  </datafield>
  <datafield tag="856" ind1="4" ind2=" ">
    <subfield code="f">Memoire_def.pdf</subfield>
    <subfield code="q">application/pdf</subfield>
    <subfield code="s">4435652</subfield>
    <subfield code="u">http://doc.rero.ch/record/8961/files/Memoire_def.pdf</subfield>
    <subfield code="y">order:1</subfield>
    <subfield code="z">Mémoire</subfield>
  </datafield>
  <datafield tag="918" ind1=" " ind2=" ">
    <subfield code="a">Haute école de gestion de Genève</subfield>
    <subfield code="c">Information documentaire</subfield>
    <subfield code="b">Campus de Battelle, Bâtiment F, 7 route de Drize, 1227 Carouge</subfield>
  </datafield>
  <datafield tag="919" ind1=" " ind2=" ">
    <subfield code="a">Haute école de gestion de Genève</subfield>
    <subfield code="b">Genève</subfield>
    <subfield code="d">doc.support@rero.ch</subfield>
  </datafield>
  <datafield tag="980" ind1=" " ind2=" ">
    <subfield code="a">DISSERTATION</subfield>
    <subfield code="b">HEGGE</subfield>
    <subfield code="f">DISS_BACHELOR</subfield>
  </datafield>
  <datafield tag="990" ind1=" " ind2=" ">
    <subfield code="a">20080325095512-FX</subfield>
  </datafield>
</record>