
<record>
  <controlfield tag="001">8959</controlfield>
  <controlfield tag="005">20130211173039.0</controlfield>
  <datafield tag="024" ind1="8" ind2=" ">
    <subfield code="a">oai:doc.rero.ch:20080325093053-AW</subfield>
    <subfield code="p">dissertation</subfield>
    <subfield code="z">cdu1</subfield>
    <subfield code="z">preprint</subfield>
    <subfield code="z">hegge</subfield>
    <subfield code="z">cdu16</subfield>
    <subfield code="z">journal</subfield>
    <subfield code="z">book</subfield>
    <subfield code="z">cdu02</subfield>
    <subfield code="z">thesis</subfield>
    <subfield code="z">report</subfield>
    <subfield code="z">thesis_urn</subfield>
    <subfield code="z">cdu34</subfield>
    <subfield code="z">postprint</subfield>
  </datafield>
  <datafield tag="035" ind1=" " ind2=" ">
    <subfield code="a">R004669015</subfield>
  </datafield>
  <datafield tag="041" ind1=" " ind2=" ">
    <subfield code="a">fre</subfield>
  </datafield>
  <datafield tag="080" ind1=" " ind2=" ">
    <subfield code="a">02</subfield>
  </datafield>
  <datafield tag="100" ind1=" " ind2=" ">
    <subfield code="a">Bernard, Delphine</subfield>
  </datafield>
  <datafield tag="245" ind1=" " ind2=" ">
    <subfield code="9">fre</subfield>
    <subfield code="a">La question de la conservation du patrimoine documentaire pour la jeunesse en Suisse romande ou Se concerter pour mieux réunir et transmettre</subfield>
  </datafield>
  <datafield tag="300" ind1=" " ind2=" ">
    <subfield code="a">2 vol.</subfield>
  </datafield>
  <datafield tag="502" ind1=" " ind2=" ">
    <subfield code="9">2007</subfield>
    <subfield code="a">Mémoire de diplôme HES : Haute école de gestion de Genève, 2007 ; TDB 2049</subfield>
  </datafield>
  <datafield tag="520" ind1=" " ind2=" ">
    <subfield code="9">fre</subfield>
    <subfield code="a">Le mandat confié par l’Institut Suisse jeunesse et médias - dont l’action se situe au niveau de la promotion, de la recherche et de la formation autour de la littérature de jeunesse - est né du constat que ce secteur documentaire devait assumer certaines lacunes, en Suisse, quant à la conservation systématique de ses productions. Après avoir pris connaissance de structures de conservation partagée à l’étranger, le bureau romand de l’institution s’est intéressé à ce principe de fonctionnement. Il a estimé que ce type de solutions pourrait correspondre à la situation romande. Dans plusieurs cantons francophones, différentes initiatives et entreprises de conservation avaient déjà fructifié et l’idée d’en mutualiser les moyens et les ressources semblait porteuse. L’Institut en a donc proposé l’étude, avec comme finalité, la possibilité de décider de la pertinence et de la faisabilité d’un tel projet.</subfield>
  </datafield>
  <datafield tag="695" ind1=" " ind2=" ">
    <subfield code="9">fre</subfield>
    <subfield code="a">littérature pour la jeunesse ; patrimoine culturel ; conservation ; Suisse romande</subfield>
  </datafield>
  <datafield tag="700" ind1=" " ind2=" ">
    <subfield code="a">Gorin, Michel</subfield>
    <subfield code="e">Dir.</subfield>
  </datafield>
  <datafield tag="856" ind1="4" ind2=" ">
    <subfield code="f">Annexes.pdf</subfield>
    <subfield code="q">application/pdf</subfield>
    <subfield code="s">5069965</subfield>
    <subfield code="u">http://doc.rero.ch/record/8959/files/Annexes.pdf</subfield>
    <subfield code="y">order:2</subfield>
    <subfield code="z">Annexes</subfield>
  </datafield>
  <datafield tag="856" ind1="4" ind2=" ">
    <subfield code="f">M_moire.pdf</subfield>
    <subfield code="q">application/pdf</subfield>
    <subfield code="s">817878</subfield>
    <subfield code="u">http://doc.rero.ch/record/8959/files/M_moire.pdf</subfield>
    <subfield code="y">order:1</subfield>
    <subfield code="z">Mémoire</subfield>
  </datafield>
  <datafield tag="918" ind1=" " ind2=" ">
    <subfield code="a">Haute école de gestion de Genève</subfield>
    <subfield code="c">Information documentaire</subfield>
    <subfield code="b">Campus de Battelle, Bâtiment F, 7 route de Drize, 1227 Carouge</subfield>
  </datafield>
  <datafield tag="919" ind1=" " ind2=" ">
    <subfield code="a">Haute école de gestion de Genève</subfield>
    <subfield code="b">Genève</subfield>
    <subfield code="d">doc.support@rero.ch</subfield>
  </datafield>
  <datafield tag="980" ind1=" " ind2=" ">
    <subfield code="a">DISSERTATION</subfield>
    <subfield code="b">HEGGE</subfield>
    <subfield code="f">DISS_BACHELOR</subfield>
  </datafield>
  <datafield tag="990" ind1=" " ind2=" ">
    <subfield code="a">20080325093053-AW</subfield>
  </datafield>
</record>