
<record>
  <controlfield tag="001">8774</controlfield>
  <controlfield tag="005">20130225121914.0</controlfield>
  <datafield tag="024" ind1="8" ind2=" ">
    <subfield code="a">oai:doc.rero.ch:20080207163736-XB</subfield>
    <subfield code="p">report</subfield>
    <subfield code="p">rero_explore</subfield>
    <subfield code="z">dissertation</subfield>
    <subfield code="z">cdu1</subfield>
    <subfield code="z">preprint</subfield>
    <subfield code="z">hegge</subfield>
    <subfield code="z">cdu16</subfield>
    <subfield code="z">journal</subfield>
    <subfield code="z">cdu65</subfield>
    <subfield code="z">book</subfield>
    <subfield code="z">thesis</subfield>
    <subfield code="z">thesis_urn</subfield>
    <subfield code="z">cdu34</subfield>
    <subfield code="z">postprint</subfield>
  </datafield>
  <datafield tag="027" ind1=" " ind2=" ">
    <subfield code="a">HES-SO/HEG-GE/C--07/4/1--CH</subfield>
  </datafield>
  <datafield tag="041" ind1=" " ind2=" ">
    <subfield code="a">fre</subfield>
  </datafield>
  <datafield tag="080" ind1=" " ind2=" ">
    <subfield code="a">65</subfield>
  </datafield>
  <datafield tag="100" ind1=" " ind2=" ">
    <subfield code="a">Bégin, Lucie</subfield>
    <subfield code="u">Haute école de gestion de Genève</subfield>
  </datafield>
  <datafield tag="245" ind1=" " ind2=" ">
    <subfield code="9">fre</subfield>
    <subfield code="a">Une approche interdisciplinaire de l'intelligence économique</subfield>
    <subfield code="b">Cahier de recherche</subfield>
  </datafield>
  <datafield tag="246" ind1=" " ind2=" ">
    <subfield code="9">eng</subfield>
    <subfield code="a">An interdisciplinary approach of competitive intelligence</subfield>
  </datafield>
  <datafield tag="269" ind1=" " ind2=" ">
    <subfield code="c">2007</subfield>
  </datafield>
  <datafield tag="300" ind1=" " ind2=" ">
    <subfield code="a">19</subfield>
  </datafield>
  <datafield tag="520" ind1=" " ind2=" ">
    <subfield code="9">fre</subfield>
    <subfield code="a">L’objectif de cet article est de présenter une démarche globale et systématique d’intelligence économique (IE), s’adressant surtout aux PME. Issue d’une collaboration originale entre différents domaines d’enseignement et de recherche, la démarche que nous proposons s’élabore à partir de trois conceptions distinctes de l’IE, à savoir celle du renseignement militaire, du management stratégique et des sciences de l’information. Par cette approche intégratrice, nous voulons contribuer au décloisonnement des savoirs spécialisés pour entamer un dialogue interdisciplinaire, condition nécessaire à l’enrichissement des modèles d’IE. Nous terminons en montrant en quoi les PME peuvent profiter des avantages d’une démarche formelle d’IE.</subfield>
  </datafield>
  <datafield tag="520" ind1=" " ind2=" ">
    <subfield code="9">eng</subfield>
    <subfield code="a">The objective of this article is to present a global and systematic approach to business intelligence (IE), which concerns especially the SME. We propose to start from three distinct conceptions of the IE, coming from the military information, the strategic management and the information sciences. This is the result from an original collaboration between various research and teaching areas. With this integrating approach, we would like to contribute to translucence of specific knowledge and to start a real interdisciplinary dialogue, a condition which is necessary for the enrichment of business intelligence models. We conclude in showing the advantages of the formal procedure of IE, for SME.</subfield>
  </datafield>
  <datafield tag="695" ind1=" " ind2=" ">
    <subfield code="9">fre</subfield>
    <subfield code="a">Intelligence économique ; Stratégie ; Interdisciplinarité ; Information documentaire</subfield>
  </datafield>
  <datafield tag="695" ind1=" " ind2=" ">
    <subfield code="9">eng</subfield>
    <subfield code="a">Competitive intelligence ; Strategy ; Interdisciplinarity ; Information sciences</subfield>
  </datafield>
  <datafield tag="700" ind1=" " ind2=" ">
    <subfield code="a">Deschamps, Jacqueline</subfield>
    <subfield code="u">Haute école de gestion de Genève</subfield>
  </datafield>
  <datafield tag="700" ind1=" " ind2=" ">
    <subfield code="a">Madinier, Hélène</subfield>
    <subfield code="u">Haute école de gestion de Genève</subfield>
  </datafield>
  <datafield tag="775" ind1=" " ind2=" ">
    <subfield code="o">http://www.hesge.ch/heg/crag/doc/pub_wp_HM_01112007.pdf</subfield>
    <subfield code="g">Autre accès</subfield>
  </datafield>
  <datafield tag="856" ind1="4" ind2=" ">
    <subfield code="f">B_gin_Deschamps_Madinier_4-07.pdf</subfield>
    <subfield code="q">application/pdf</subfield>
    <subfield code="s">140938</subfield>
    <subfield code="u">http://doc.rero.ch/record/8774/files/B_gin_Deschamps_Madinier_4-07.pdf</subfield>
    <subfield code="y">order:1</subfield>
    <subfield code="z">Texte intégral</subfield>
  </datafield>
  <datafield tag="918" ind1=" " ind2=" ">
    <subfield code="c">Centre de recherche appliquée en gestion (CRAG)</subfield>
  </datafield>
  <datafield tag="919" ind1=" " ind2=" ">
    <subfield code="a">Haute école de gestion de Genève</subfield>
    <subfield code="b">Genève</subfield>
    <subfield code="d">doc.support@rero.ch</subfield>
  </datafield>
  <datafield tag="980" ind1=" " ind2=" ">
    <subfield code="a">REPORT</subfield>
    <subfield code="b">HEGGE</subfield>
  </datafield>
  <datafield tag="990" ind1=" " ind2=" ">
    <subfield code="a">20080207163736-XB</subfield>
  </datafield>
</record>