
<record>
  <controlfield tag="001">8256</controlfield>
  <controlfield tag="005">20130211173010.0</controlfield>
  <datafield tag="024" ind1="8" ind2=" ">
    <subfield code="a">oai:doc.rero.ch:20071030153509-RR</subfield>
    <subfield code="p">dissertation</subfield>
    <subfield code="z">cdu1</subfield>
    <subfield code="z">preprint</subfield>
    <subfield code="z">postprint</subfield>
    <subfield code="z">cdu16</subfield>
    <subfield code="z">journal</subfield>
    <subfield code="z">hetsge</subfield>
    <subfield code="z">book</subfield>
    <subfield code="z">thesis</subfield>
    <subfield code="z">report</subfield>
    <subfield code="z">cdu36</subfield>
    <subfield code="z">thesis_urn</subfield>
    <subfield code="z">cdu34</subfield>
  </datafield>
  <datafield tag="035" ind1=" " ind2=" ">
    <subfield code="a">R004508804</subfield>
  </datafield>
  <datafield tag="041" ind1=" " ind2=" ">
    <subfield code="a">fre</subfield>
  </datafield>
  <datafield tag="080" ind1=" " ind2=" ">
    <subfield code="a">36</subfield>
  </datafield>
  <datafield tag="100" ind1=" " ind2=" ">
    <subfield code="a">Burnand, Isabelle</subfield>
  </datafield>
  <datafield tag="245" ind1=" " ind2=" ">
    <subfield code="9">fre</subfield>
    <subfield code="a">"C'est où, chez vous ?"</subfield>
    <subfield code="b">quels sont les facteurs qui favorisent ou non l'inscription d'une famille migrante dans un processus d'intégration au niveau local ?</subfield>
  </datafield>
  <datafield tag="300" ind1=" " ind2=" ">
    <subfield code="a">152 p.</subfield>
  </datafield>
  <datafield tag="500" ind1=" " ind2=" ">
    <subfield code="a">Travail effectué dans le cadre de la formation HES pour l'obtention du diplôme en travail social</subfield>
  </datafield>
  <datafield tag="502" ind1=" " ind2=" ">
    <subfield code="9">2007-06-18</subfield>
    <subfield code="a">Mémoire de diplôme HES : Haute école de travail social de Genève, 2007</subfield>
  </datafield>
  <datafield tag="520" ind1=" " ind2=" ">
    <subfield code="9">fre</subfield>
    <subfield code="a">La présence des étrangers en Suisse est un thème qui alimente régulièrement le débat politique notamment en matière d’immigration étrangère et d’intégration des étrangers. Notre thématique s’inscrit donc dans un contexte historique, social et politique. Notre enquête porte sur huit familles migrantes de première génération habitant sur la commune de Lancy avec qui nous avons retracé leur parcours migratoire. A travers leurs récits, nous cherchons à saisir leurs expériences et les différentes étapes par lesquelles elles sont passées et que certaines franchissent encore. Nous partons du postulat que l’émigration, puis l’immigration, sont vécus comme des bouleversements quels que soient les motifs du départ. Le nouvel environnement questionne l’identité du migrant, ses façons de faire et habitudes. Un long travail d’apprentissage est donc nécessaire à l’arrivant afin que celui-ci s’approprie les codes de la société d’accueil. Dans notre travail de mémoire, nous tentons d’identifier les facteurs qui favorisent ou non l’inscription de ces familles dans un processus d’intégration. Nous nous basons sur les critères suivants : le travail, le réseau social, les enfants, la langue et le projet familial. Nous essayons également de comprendre comment les migrants perçoivent leur intégration et quelle signification ils apportent à ce terme. Dans cette étude, nous insistons sur le fait que l’immigré ne doit pas porter seul la responsabilité de son intégration, mais que celle-ci incombe à la collectivité toute entière.</subfield>
  </datafield>
  <datafield tag="695" ind1=" " ind2=" ">
    <subfield code="9">fre</subfield>
    <subfield code="a">famille ; immigré ; intégration culturelle ; intégration sociale ; Lancy ; canton de Genève ; Suisse</subfield>
  </datafield>
  <datafield tag="700" ind1=" " ind2=" ">
    <subfield code="a">Conne, Anaïs</subfield>
  </datafield>
  <datafield tag="700" ind1=" " ind2=" ">
    <subfield code="a">Meier, Lennie</subfield>
  </datafield>
  <datafield tag="700" ind1=" " ind2=" ">
    <subfield code="a">Rodari, Sophie</subfield>
    <subfield code="e">Dir.</subfield>
  </datafield>
  <datafield tag="856" ind1="4" ind2=" ">
    <subfield code="f">Memoire_Burnand_Conne_Meier.pdf</subfield>
    <subfield code="q">application/pdf</subfield>
    <subfield code="s">19742577</subfield>
    <subfield code="u">http://doc.rero.ch/record/8256/files/Memoire_Burnand_Conne_Meier.pdf</subfield>
    <subfield code="y">order:1</subfield>
    <subfield code="z">Texte intégral</subfield>
  </datafield>
  <datafield tag="919" ind1=" " ind2=" ">
    <subfield code="a">Haute école de travail social de Genève</subfield>
    <subfield code="b">Genève</subfield>
    <subfield code="d">doc.support@rero.ch</subfield>
  </datafield>
  <datafield tag="980" ind1=" " ind2=" ">
    <subfield code="a">DISSERTATION</subfield>
    <subfield code="b">HETSGE</subfield>
    <subfield code="f">DISS_BACHELOR</subfield>
  </datafield>
  <datafield tag="990" ind1=" " ind2=" ">
    <subfield code="a">20071030153509-RR</subfield>
  </datafield>
</record>