
<record>
  <controlfield tag="001">8255</controlfield>
  <controlfield tag="005">20130211173010.0</controlfield>
  <datafield tag="024" ind1="8" ind2=" ">
    <subfield code="a">oai:doc.rero.ch:20071030154137-OE</subfield>
    <subfield code="p">dissertation</subfield>
    <subfield code="z">cdu1</subfield>
    <subfield code="z">preprint</subfield>
    <subfield code="z">postprint</subfield>
    <subfield code="z">cdu16</subfield>
    <subfield code="z">journal</subfield>
    <subfield code="z">report</subfield>
    <subfield code="z">hetsge</subfield>
    <subfield code="z">book</subfield>
    <subfield code="z">thesis</subfield>
    <subfield code="z">cdu376</subfield>
    <subfield code="z">thesis_urn</subfield>
    <subfield code="z">cdu34</subfield>
  </datafield>
  <datafield tag="035" ind1=" " ind2=" ">
    <subfield code="a">R004291549</subfield>
  </datafield>
  <datafield tag="041" ind1=" " ind2=" ">
    <subfield code="a">fre</subfield>
  </datafield>
  <datafield tag="080" ind1=" " ind2=" ">
    <subfield code="a">376</subfield>
  </datafield>
  <datafield tag="100" ind1=" " ind2=" ">
    <subfield code="a">Breitenstein, Anne</subfield>
  </datafield>
  <datafield tag="245" ind1=" " ind2=" ">
    <subfield code="9">fre</subfield>
    <subfield code="a">Diversification des voies de formation en travail social</subfield>
    <subfield code="b">quels types de collaboration institutionnelle envisagés dans le secteur des internats pour adolescents à Genève ?</subfield>
  </datafield>
  <datafield tag="300" ind1=" " ind2=" ">
    <subfield code="a">67 p.</subfield>
  </datafield>
  <datafield tag="500" ind1=" " ind2=" ">
    <subfield code="a">Travail effectué dans le cadre de la formation HES pour l'obtention du diplôme en travail social, option éducation sociale, volée plein temps 2002</subfield>
  </datafield>
  <datafield tag="502" ind1=" " ind2=" ">
    <subfield code="9">2006-12-01</subfield>
    <subfield code="a">Mémoire de diplôme HES : Haute école de travail social de Genève, 2006</subfield>
  </datafield>
  <datafield tag="520" ind1=" " ind2=" ">
    <subfield code="9">fre</subfield>
    <subfield code="a">Depuis quelques années, de nombreux changements se succèdent en Suisse dans le domaine de la formation. Ce processus apparaît clairement à travers l’émergence de nouvelles filières ainsi que par un réaménagement des diplômes existants. Depuis la rentrée scolaire 2005, cette restructuration s’illustre en Romandie par l’apparition d’un Certificat fédéral de capacité d’assistant socio-éducatif (CFC d’ASE) dans les domaines de la santé et du social. La création de cette formation initiale, qui découle de la nouvelle loi fédérale sur la formation professionnelle (LFPr), participe à la mise en place d’une hiérarchisation formalisée des statuts professionnels au sein du travail social. Dans un secteur d’activité où les professionnels étaient jusqu’alors majoritairement issus d’une formation de base unique, de niveau tertiaire, la forte concordance qui existait entre un diplôme délivré par les écoles professionnelles et la demande en main d’œuvre qualifiée du marché du travail est amenée à se redéfinir. Ces transformations posent la question des enjeux et des conséquences que la mise en place de cette nouvelle voie de formation suppose pour les terrains professionnels, notamment en matière de collaboration et d’organisation du travail au sein des équipes éducatives. Cette étude propose une réflexion critique des enjeux liés à l’émergence du CFC d’ASE en Suisse Romande en la situant dans le contexte socio-économique actuel. Il s’agira de discuter les conséquences possibles de son apparition en matière d’organisation et de collaboration institutionnelle, en nous intéressant aux représentations et aux interrogations de professionnels de l’éducation sociale exerçant dans des structures de type "internat pour adolescents".</subfield>
  </datafield>
  <datafield tag="695" ind1=" " ind2=" ">
    <subfield code="9">fre</subfield>
    <subfield code="a">certificat fédéral de capacité ; assistant socio-éducatif (ASE) ; éducateur spécialisé ; formation professionnelle ; institution sociale ; gestion du personnel ; organisation du travail ; canton de Genève ; foyer pour jeunes ; statut du travailleur social</subfield>
  </datafield>
  <datafield tag="700" ind1=" " ind2=" ">
    <subfield code="a">Mezzena, Sylvie</subfield>
    <subfield code="e">Dir.</subfield>
  </datafield>
  <datafield tag="856" ind1="4" ind2=" ">
    <subfield code="f">Memoire_Breitenstein.pdf</subfield>
    <subfield code="q">application/pdf</subfield>
    <subfield code="s">332970</subfield>
    <subfield code="u">http://doc.rero.ch/record/8255/files/Memoire_Breitenstein.pdf</subfield>
    <subfield code="y">order:1</subfield>
    <subfield code="z">Texte intégral</subfield>
  </datafield>
  <datafield tag="919" ind1=" " ind2=" ">
    <subfield code="a">Haute école de travail social de Genève</subfield>
    <subfield code="b">Genève</subfield>
    <subfield code="d">doc.support@rero.ch</subfield>
  </datafield>
  <datafield tag="980" ind1=" " ind2=" ">
    <subfield code="a">DISSERTATION</subfield>
    <subfield code="b">HETSGE</subfield>
    <subfield code="f">DISS_BACHELOR</subfield>
  </datafield>
  <datafield tag="990" ind1=" " ind2=" ">
    <subfield code="a">20071030154137-OE</subfield>
  </datafield>
</record>