
<record>
  <controlfield tag="001">8254</controlfield>
  <controlfield tag="005">20130211173010.0</controlfield>
  <datafield tag="024" ind1="8" ind2=" ">
    <subfield code="a">oai:doc.rero.ch:20071030155423-ZP</subfield>
    <subfield code="p">dissertation</subfield>
    <subfield code="z">cdu1</subfield>
    <subfield code="z">preprint</subfield>
    <subfield code="z">postprint</subfield>
    <subfield code="z">cdu16</subfield>
    <subfield code="z">journal</subfield>
    <subfield code="z">hetsge</subfield>
    <subfield code="z">book</subfield>
    <subfield code="z">thesis</subfield>
    <subfield code="z">report</subfield>
    <subfield code="z">cdu36</subfield>
    <subfield code="z">thesis_urn</subfield>
    <subfield code="z">cdu34</subfield>
  </datafield>
  <datafield tag="035" ind1=" " ind2=" ">
    <subfield code="a">R003931399</subfield>
  </datafield>
  <datafield tag="041" ind1=" " ind2=" ">
    <subfield code="a">fre</subfield>
  </datafield>
  <datafield tag="080" ind1=" " ind2=" ">
    <subfield code="a">36</subfield>
  </datafield>
  <datafield tag="100" ind1=" " ind2=" ">
    <subfield code="a">Delorme, Vincent</subfield>
  </datafield>
  <datafield tag="245" ind1=" " ind2=" ">
    <subfield code="9">fre</subfield>
    <subfield code="a">Perception des villageois de N'Dem de leur projet de développement (Sénégal)</subfield>
  </datafield>
  <datafield tag="300" ind1=" " ind2=" ">
    <subfield code="a">97 p.</subfield>
  </datafield>
  <datafield tag="500" ind1=" " ind2=" ">
    <subfield code="a">Travail présenté à l'Ecole supérieure de travail social pour l'obtention du diplôme en travail social</subfield>
  </datafield>
  <datafield tag="502" ind1=" " ind2=" ">
    <subfield code="9">2005-10-06</subfield>
    <subfield code="a">Mémoire de diplôme HES : Haute école de travail social de Genève, 2005</subfield>
  </datafield>
  <datafield tag="520" ind1=" " ind2=" ">
    <subfield code="9">fre</subfield>
    <subfield code="a">Le village de N’Dem se trouve en plein Sahel, dans l’une des région les plus défavorisée du Sénégal. L’eau se raréfie et le désert avance. Seule possibilité pour survivre : l’exode. Pourtant, depuis vingt ans, les villageois de la région de N’Dem ont décidé de se battre contre leur destin. Guidés par leur chef spirituel, ils ont mis en place un vaste projet de développement afin de pouvoir continuer à vivre dans leur région. Comment ces villageois perçoivent-ils leur développement ? Quel regard portent-ils sur les intervenants extérieurs qui les ont aidés depuis l’Europe ? Ont-ils dû adapter leurs valeurs pour plaire aux bailleurs de fonds afin de bénéficier de leur soutien ? Quel impact leur développement économique a-t-il eu sur leur mode de vie, leurs habitudes culturelles et leurs pratiques religieuses ? Dans cette recherche de terrain, des villageois répondent… Leurs propos, recueillis à N’Dem au travers d’entretiens individuels, sont mis en perspective avec les notions de développement durable, de politique d’aide au développement et de besoins. La réflexion s’articule autour de l’identité culturelle, de l’acculturation et des représentations sociales. Que ressort-il donc de ces paroles d’hommes et de femmes vivant une réalité totalement différente de la nôtre ?</subfield>
  </datafield>
  <datafield tag="695" ind1=" " ind2=" ">
    <subfield code="9">fre</subfield>
    <subfield code="a">acculturation ; identité culturelle ; aide au développement ; projet de développement ; développement culturel ; développement économique ; développement durable ; politique d'aide au développement ; Sahel ; Sénégal</subfield>
  </datafield>
  <datafield tag="700" ind1=" " ind2=" ">
    <subfield code="a">Rodari, Sophie</subfield>
    <subfield code="e">Dir.</subfield>
  </datafield>
  <datafield tag="856" ind1="4" ind2=" ">
    <subfield code="f">Memoire_Delorme_V.pdf</subfield>
    <subfield code="q">application/pdf</subfield>
    <subfield code="s">3530649</subfield>
    <subfield code="u">http://doc.rero.ch/record/8254/files/Memoire_Delorme_V.pdf</subfield>
    <subfield code="y">order:1</subfield>
    <subfield code="z">Texte intégral</subfield>
  </datafield>
  <datafield tag="919" ind1=" " ind2=" ">
    <subfield code="a">Haute école de travail social de Genève</subfield>
    <subfield code="b">Genève</subfield>
    <subfield code="d">doc.support@rero.ch</subfield>
  </datafield>
  <datafield tag="980" ind1=" " ind2=" ">
    <subfield code="a">DISSERTATION</subfield>
    <subfield code="b">HETSGE</subfield>
    <subfield code="f">DISS_BACHELOR</subfield>
  </datafield>
  <datafield tag="990" ind1=" " ind2=" ">
    <subfield code="a">20071030155423-ZP</subfield>
  </datafield>
</record>