
<record>
  <controlfield tag="001">8253</controlfield>
  <controlfield tag="005">20130211173010.0</controlfield>
  <datafield tag="024" ind1="8" ind2=" ">
    <subfield code="a">oai:doc.rero.ch:20071030160745-RA</subfield>
    <subfield code="p">dissertation</subfield>
    <subfield code="z">cdu1</subfield>
    <subfield code="z">preprint</subfield>
    <subfield code="z">postprint</subfield>
    <subfield code="z">cdu16</subfield>
    <subfield code="z">journal</subfield>
    <subfield code="z">report</subfield>
    <subfield code="z">hetsge</subfield>
    <subfield code="z">book</subfield>
    <subfield code="z">thesis</subfield>
    <subfield code="z">cdu376</subfield>
    <subfield code="z">thesis_urn</subfield>
    <subfield code="z">cdu34</subfield>
  </datafield>
  <datafield tag="035" ind1=" " ind2=" ">
    <subfield code="a">R004122594</subfield>
  </datafield>
  <datafield tag="041" ind1=" " ind2=" ">
    <subfield code="a">fre</subfield>
  </datafield>
  <datafield tag="080" ind1=" " ind2=" ">
    <subfield code="a">376</subfield>
  </datafield>
  <datafield tag="100" ind1=" " ind2=" ">
    <subfield code="a">Prada, Julie</subfield>
  </datafield>
  <datafield tag="245" ind1=" " ind2=" ">
    <subfield code="9">fre</subfield>
    <subfield code="a">Des savoirs énigmatiques</subfield>
    <subfield code="b">une analyse de l'activité éducative dans un foyer accueillant des personnes adultes en situation de handicap psychique ou mental</subfield>
  </datafield>
  <datafield tag="300" ind1=" " ind2=" ">
    <subfield code="a">144 p.</subfield>
  </datafield>
  <datafield tag="500" ind1=" " ind2=" ">
    <subfield code="a">Travail présenté à la Haute école de travail social pour l'obtention du diplôme en travail social, option éducation sociale</subfield>
  </datafield>
  <datafield tag="502" ind1=" " ind2=" ">
    <subfield code="9">2006-04-04</subfield>
    <subfield code="a">Mémoire de diplôme HES : Haute école de travail social de Genève, 2006</subfield>
  </datafield>
  <datafield tag="520" ind1=" " ind2=" ">
    <subfield code="9">fre</subfield>
    <subfield code="a">Comment les éducateurs s’y prennent-ils pour travailler, au quotidien, entre ce qu’on leur demande de faire, ce qu’ils aimeraient faire et ce qu’ils peuvent réellement faire ? Pour répondre à cette question, nous nous sommes inspirées d’une approche à la fois théorique et méthodologique : l’analyse de l’activité. Cette approche postule qu’il existe un écart indéniable entre le travail prescrit et le travail réel. Afin d’explorer ce décalage, nous avons utilisé une méthode préconisée par ce champ théorique, l’autoconfrontation croisée. Nous avons filmé quatre éducateurs dans un foyer accueillant des personnes en situation de handicap. Ensuite, nous avons confronté les professionnels à ces séquences filmées, représentant leur « faire », en les amenant à mettre en mots ce qu’ils voyaient de leur agir professionnel, ce qui constitue leur « dire ». C’est ce « dire » à propos du « faire » que nous avons ensuite analysé. Fidèles au travail de terrain, nous avons mis en évidence les nombreux savoirs tacites des professionnels ; des savoirs complexes, acquis par l’expérience, mais aussi conditionnés par des valeurs personnelles et collectives. Les notions de créativité, d’ingéniosité et de ruses sont les fils conducteurs de cette recherche dont l’ambition est de rendre compte et de valoriser la fonction des travailleurs sociaux. Notre démarche n’est pas de convaincre, mais bien de donner à réfléchir à propos d’une activité aussi multiple que variée qu’est l’éducation et qui laisse une large place à la subjectivité. Nous prenons parti en faveur de cette subjectivité, car les tentatives de rationalisation des pratiques ne peuvent rendre compte du « réel » de l’activité éducative. Nous verrons que, bien qu’inspirée de nombres de théories et de prescriptions, notre profession est faite en grande partie de savoirs d’expérience, d’intuitions, qui sont bien souvent difficilement traduisibles : énigmatiques. Nous espérons que notre approche va pouvoir, en partie, sinon résoudre cette énigme, tout au moins l’éclairer.</subfield>
  </datafield>
  <datafield tag="695" ind1=" " ind2=" ">
    <subfield code="9">fre</subfield>
    <subfield code="a">analyse de l'activité ; l’autoconfrontation croisée ; éducation spécialisée ; activités éducatives ; établissement pour handicapés ; pratique professionnelle ; travail prescrit ; travail réel ; travailleur social ; Alfaset (La Chaux-de-Fonds, Neuchâtel, Couvet)</subfield>
  </datafield>
  <datafield tag="700" ind1=" " ind2=" ">
    <subfield code="a">Ramirez, Kim</subfield>
  </datafield>
  <datafield tag="700" ind1=" " ind2=" ">
    <subfield code="a">Jonckheere, Claude de</subfield>
    <subfield code="e">Dir.</subfield>
  </datafield>
  <datafield tag="856" ind1="4" ind2=" ">
    <subfield code="f">Memoire_Prada_Ramirez.pdf</subfield>
    <subfield code="q">application/pdf</subfield>
    <subfield code="s">1168586</subfield>
    <subfield code="u">http://doc.rero.ch/record/8253/files/Memoire_Prada_Ramirez.pdf</subfield>
    <subfield code="y">order:1</subfield>
    <subfield code="z">Texte intégral</subfield>
  </datafield>
  <datafield tag="919" ind1=" " ind2=" ">
    <subfield code="a">Haute école de travail social de Genève</subfield>
    <subfield code="b">Genève</subfield>
    <subfield code="d">doc.support@rero.ch</subfield>
  </datafield>
  <datafield tag="980" ind1=" " ind2=" ">
    <subfield code="a">DISSERTATION</subfield>
    <subfield code="b">HETSGE</subfield>
    <subfield code="f">DISS_BACHELOR</subfield>
  </datafield>
  <datafield tag="990" ind1=" " ind2=" ">
    <subfield code="a">20071030160745-RA</subfield>
  </datafield>
</record>