
<record>
  <controlfield tag="001">8246</controlfield>
  <controlfield tag="005">20130211173009.0</controlfield>
  <datafield tag="024" ind1="8" ind2=" ">
    <subfield code="a">oai:doc.rero.ch:20071030141053-DV</subfield>
    <subfield code="p">dissertation</subfield>
    <subfield code="z">cdu1</subfield>
    <subfield code="z">preprint</subfield>
    <subfield code="z">postprint</subfield>
    <subfield code="z">cdu16</subfield>
    <subfield code="z">journal</subfield>
    <subfield code="z">hetsge</subfield>
    <subfield code="z">book</subfield>
    <subfield code="z">thesis</subfield>
    <subfield code="z">report</subfield>
    <subfield code="z">cdu36</subfield>
    <subfield code="z">thesis_urn</subfield>
    <subfield code="z">cdu34</subfield>
  </datafield>
  <datafield tag="035" ind1=" " ind2=" ">
    <subfield code="a">R004096453</subfield>
  </datafield>
  <datafield tag="041" ind1=" " ind2=" ">
    <subfield code="a">fre</subfield>
  </datafield>
  <datafield tag="080" ind1=" " ind2=" ">
    <subfield code="a">36</subfield>
  </datafield>
  <datafield tag="100" ind1=" " ind2=" ">
    <subfield code="a">De Souza, Mikhaël</subfield>
  </datafield>
  <datafield tag="245" ind1=" " ind2=" ">
    <subfield code="9">fre</subfield>
    <subfield code="a">¿ Que pasa con los clandestinos después de su regreso ?</subfield>
    <subfield code="b">Etude sur le retour et la réinsertion des travailleurs migrants équatoriens sans permis de séjour ayant dû quitter la Suisse</subfield>
  </datafield>
  <datafield tag="246" ind1=" " ind2=" ">
    <subfield code="a">Que se passe-t-il pour les clandestins après leur retour ?</subfield>
  </datafield>
  <datafield tag="300" ind1=" " ind2=" ">
    <subfield code="a">206 p.</subfield>
  </datafield>
  <datafield tag="500" ind1=" " ind2=" ">
    <subfield code="a">Travail présenté à la Haute école de travail social pour l'obtention du diplôme en travail social</subfield>
  </datafield>
  <datafield tag="502" ind1=" " ind2=" ">
    <subfield code="9">2006-02-16</subfield>
    <subfield code="a">Mémoire de diplôme HES : Haute école de travail social de Genève, 2006</subfield>
  </datafield>
  <datafield tag="520" ind1=" " ind2=" ">
    <subfield code="9">fre</subfield>
    <subfield code="a">Que se passe-t-il avec les Sans-Papiers équatoriens après leur expulsion ? Alors que l’on connaît de mieux en mieux les parcours migratoires qui mènent des travailleurs clandestins jusque sur le marché de l’emploi européen ; alors que les conditions de vie déplorables de ces personnes dans nos pays – coincées entre l’illégalité de leur présence et l’hypocrisie de notre besoin d’une main d’œuvre corvéable et peu chère – sont régulièrement dénoncées par les collectifs et associations de soutien aux Sans-Papiers, on sait bien peu de choses sur leur retour « chez eux », que ce soit volontairement ou suite à une expulsion. Quelles sont les possibilités de réinsertion d’une personne qui a quitté sa famille, son réseau pour venir travailler et vivre dans la clandestinité chez nous ? Durant ces nombreuses années d’exil, elle aura recommencé sa vie, recréé un réseau, une famille peut-être. Puis, du jour au lendemain, par ordre de la justice, cette personne est renvoyée à des milliers de kilomètres, à des années en arrière, « chez elle ». Mais est-elle encore vraiment chez elle ? Y retourne-t-elle même ? N’est-elle pas condamnée à un nouvel exil, une nouvelle clandestinité ? Une vingtaine d’entretiens individuels et familiaux en Suisse et en Equateur nous ont permis de retracer le vécu d’une cinquantaine de migrants. En outre, l’appui de la DDC (Direction du Développement et de la Coopération) et de l’IES nous a ouvert de nombreuses portes institutionnelles : les représentants d’instituts de recherche, d’organisations sociales et internationales, des services de police et des représentations diplomatiques ont accepté de nous recevoir et de répondre à nos questions. Cette recherche fait le point sur la situation et propose des alternatives qui devraient favoriser la réinsertion des migrants qui sont amenés à devoir rentrer, notamment à travers l'analyse des quelques programmes d’aide au retour que la Suisse commence à mettre sur pied.</subfield>
  </datafield>
  <datafield tag="695" ind1=" " ind2=" ">
    <subfield code="9">fre</subfield>
    <subfield code="a">Equatorien à l'étranger ; expulsion ; immigré clandestin ; sans-papiers ; canton de Vaud ; Suisse ; réintégration sociale ; retour ; travailleur migrant ; Equateur (république) ; migration de retour</subfield>
  </datafield>
  <datafield tag="700" ind1=" " ind2=" ">
    <subfield code="a">Carrillo, Bastien</subfield>
  </datafield>
  <datafield tag="700" ind1=" " ind2=" ">
    <subfield code="a">Bolzman, Claudio</subfield>
    <subfield code="e">Dir.</subfield>
  </datafield>
  <datafield tag="856" ind1="4" ind2=" ">
    <subfield code="f">Memoire_Da_Souza_Carrillo.pdf</subfield>
    <subfield code="q">application/pdf</subfield>
    <subfield code="s">25524367</subfield>
    <subfield code="u">http://doc.rero.ch/record/8246/files/Memoire_Da_Souza_Carrillo.pdf</subfield>
    <subfield code="y">order:1</subfield>
    <subfield code="z">Texte intégral</subfield>
  </datafield>
  <datafield tag="919" ind1=" " ind2=" ">
    <subfield code="a">Haute école de travail social de Genève</subfield>
    <subfield code="b">Genève</subfield>
    <subfield code="d">doc.support@rero.ch</subfield>
  </datafield>
  <datafield tag="980" ind1=" " ind2=" ">
    <subfield code="a">DISSERTATION</subfield>
    <subfield code="b">HETSGE</subfield>
    <subfield code="f">DISS_BACHELOR</subfield>
  </datafield>
  <datafield tag="990" ind1=" " ind2=" ">
    <subfield code="a">20071030141053-DV</subfield>
  </datafield>
</record>