
<record>
  <controlfield tag="001">8231</controlfield>
  <controlfield tag="005">20130211173009.0</controlfield>
  <datafield tag="024" ind1="8" ind2=" ">
    <subfield code="a">oai:doc.rero.ch:20071025132739-FO</subfield>
    <subfield code="p">dissertation</subfield>
    <subfield code="z">cdu1</subfield>
    <subfield code="z">preprint</subfield>
    <subfield code="z">postprint</subfield>
    <subfield code="z">cdu16</subfield>
    <subfield code="z">journal</subfield>
    <subfield code="z">hetsge</subfield>
    <subfield code="z">book</subfield>
    <subfield code="z">thesis</subfield>
    <subfield code="z">report</subfield>
    <subfield code="z">cdu36</subfield>
    <subfield code="z">thesis_urn</subfield>
    <subfield code="z">cdu34</subfield>
  </datafield>
  <datafield tag="035" ind1=" " ind2=" ">
    <subfield code="a">R004230832</subfield>
  </datafield>
  <datafield tag="041" ind1=" " ind2=" ">
    <subfield code="a">fre</subfield>
  </datafield>
  <datafield tag="080" ind1=" " ind2=" ">
    <subfield code="a">36</subfield>
  </datafield>
  <datafield tag="100" ind1=" " ind2=" ">
    <subfield code="a">Dubath, Maëlle</subfield>
  </datafield>
  <datafield tag="245" ind1=" " ind2=" ">
    <subfield code="9">fre</subfield>
    <subfield code="a">Langage du corps et émotions</subfield>
    <subfield code="b">réflexions d'éducateurs sociaux sur la prise en compte de leur langage du corps et de leurs émotions, à partir d'images de leur pratique professionnelle quotidienne</subfield>
  </datafield>
  <datafield tag="300" ind1=" " ind2=" ">
    <subfield code="a">101 p.</subfield>
  </datafield>
  <datafield tag="500" ind1=" " ind2=" ">
    <subfield code="a">Travail élaboré dans le cadre de la formation HES, volée plein temps 2002, option éducation sociale, pour l'obtention du diplôme en travail social</subfield>
  </datafield>
  <datafield tag="502" ind1=" " ind2=" ">
    <subfield code="9">2006-09-22</subfield>
    <subfield code="a">Mémoire de diplôme HES : Haute école de travail social de Genève, 2006</subfield>
  </datafield>
  <datafield tag="520" ind1=" " ind2=" ">
    <subfield code="9">fre</subfield>
    <subfield code="a">En tant que travailleurs sociaux, notre travail passe par la relation, par la communication. La parole en est un vecteur important, au même titre que les émotions et le langage du corps : les mouvements corporels, les postures, les gestuelles, les mimiques, etc. Au vu de l'importance du corps et des émotions dans la relation, comment les professionnels du travail social prennent-ils en compte leur langage corporel et leurs émotions dans leur pratique quotidienne ? Comment tiennent-ils compte de leurs positions ou postures ? Verbalisent-ils ce qu'ils ressentent, entre eux, ou avec les usagers? Afin de récolter leurs réflexions sur ces thèmes, j'ai utilisé un outil de la clinique de l'activité : l'autoconfrontation croisée. Cet outil, basé sur le support visuel (quatre professionnels d'une même institution ont été filmés dans leur pratique), l'échange entre pairs et la co-analyse (professionnel et chercheur), permet de susciter le questionnement et d'encourager le développement de la pensée.</subfield>
  </datafield>
  <datafield tag="695" ind1=" " ind2=" ">
    <subfield code="9">fre</subfield>
    <subfield code="a">attitude (psychosociologie) ; émotion ; langage du corps ; pratique professionnelle ; relations interpersonnelles ; travailleur social ; travail social ; autoconfrontation croisée ; clinique de l'activité</subfield>
  </datafield>
  <datafield tag="700" ind1=" " ind2=" ">
    <subfield code="a">Libois, Joëlle</subfield>
    <subfield code="e">Dir.</subfield>
  </datafield>
  <datafield tag="856" ind1="4" ind2=" ">
    <subfield code="f">Memoire_Dubath_M.pdf</subfield>
    <subfield code="q">application/pdf</subfield>
    <subfield code="s">24129717</subfield>
    <subfield code="u">http://doc.rero.ch/record/8231/files/Memoire_Dubath_M.pdf</subfield>
    <subfield code="y">order:1</subfield>
    <subfield code="z">Texte intégral</subfield>
  </datafield>
  <datafield tag="919" ind1=" " ind2=" ">
    <subfield code="a">Haute école de travail social de Genève</subfield>
    <subfield code="b">Genève</subfield>
    <subfield code="d">doc.support@rero.ch</subfield>
  </datafield>
  <datafield tag="980" ind1=" " ind2=" ">
    <subfield code="a">DISSERTATION</subfield>
    <subfield code="b">HETSGE</subfield>
    <subfield code="f">DISS_BACHELOR</subfield>
  </datafield>
  <datafield tag="990" ind1=" " ind2=" ">
    <subfield code="a">20071025132739-FO</subfield>
  </datafield>
</record>