
<record>
  <controlfield tag="001">7812</controlfield>
  <controlfield tag="005">20131209145609.0</controlfield>
  <datafield tag="024" ind1="8" ind2=" ">
    <subfield code="a">oai:doc.rero.ch:20070514120720-PZ</subfield>
    <subfield code="p">dissertation</subfield>
    <subfield code="p">cdu33</subfield>
    <subfield code="p">infonet_economy</subfield>
    <subfield code="z">cdu1</subfield>
    <subfield code="z">preprint</subfield>
    <subfield code="z">hegge</subfield>
    <subfield code="z">cdu16</subfield>
    <subfield code="z">journal</subfield>
    <subfield code="z">book</subfield>
    <subfield code="z">thesis</subfield>
    <subfield code="z">report</subfield>
    <subfield code="z">thesis_urn</subfield>
    <subfield code="z">cdu34</subfield>
    <subfield code="z">postprint</subfield>
  </datafield>
  <datafield tag="035" ind1=" " ind2=" ">
    <subfield code="a">R004366549</subfield>
  </datafield>
  <datafield tag="041" ind1=" " ind2=" ">
    <subfield code="a">fre</subfield>
  </datafield>
  <datafield tag="080" ind1=" " ind2=" ">
    <subfield code="a">33</subfield>
  </datafield>
  <datafield tag="100" ind1=" " ind2=" ">
    <subfield code="a">Lema, Maureen</subfield>
  </datafield>
  <datafield tag="245" ind1=" " ind2=" ">
    <subfield code="9">fre</subfield>
    <subfield code="a">Introduction de l'approche par processus chez Nota Bene Pelfini Gravure S.A.</subfield>
  </datafield>
  <datafield tag="300" ind1=" " ind2=" ">
    <subfield code="a">66 p.</subfield>
  </datafield>
  <datafield tag="502" ind1=" " ind2=" ">
    <subfield code="9">2006</subfield>
    <subfield code="a">Mémoire de diplôme HES : Haute école de gestion de Genève, 2006 ; TDEE 33</subfield>
  </datafield>
  <datafield tag="520" ind1=" " ind2=" ">
    <subfield code="9">fre</subfield>
    <subfield code="a">Ce travail de diplôme a pour but de mettre en pratique les connaissances acquises au cours de nos trois années d’études à la Haute École de Gestion et de valider notre diplôme. Ainsi, nous devons premièrement être en mesure d’identifier et définir une problématique à étudier. Il s’agit ensuite de l’approfondir et d’analyser une situation réelle dans un domaine économique d’entreprise et d’y transposer des instruments théoriques et des concepts acquis lors de notre formation pour solutionner et comprendre la réalité du terrain. Enfin, nous devons être capables d’analyser et de résoudre des problèmes émanant de la réalité de l’entreprise afin de lui proposer des solutions. Pour réaliser ce travail, nous avons choisi le thème de l’approche par processus en raison de son efficacité et de sa renommée. Nous nous sommes alors adressés à la direction de Nota Bene Pelfini Gravure SA afin de lui présenter les avantages de l’introduction de cette approche au sein de son entreprise.  Notre proposition acceptée, nous avons tout d’abord procédé à une analyse de l’environnement économique de Nota Bene, à la formalisation de sa stratégie ainsi que de ses axes stratégiques. Le tout est présenté dans la première partie de ce travail : l’analyse de la société et de son environnement. Dans un second temps, nous avons rédigé une section théorique où sont regroupés les instruments et modèles théoriques utiles à l’introduction de l’approche par processus chez Nota Bene. Cette section est complétée par la présentation d’outils pratiques de modélisation des processus, de formalisation et de gestion du changement. L’application des outils et concepts introduits dans la section théorique constitue ensuite la partie la plus conséquente de ce travail : la section pratique. Celle-ci a été réalisée à l’aide de propositions d’amélioration de l’existant facilitant l’introduction de l’approche par processus au sein de Nota Bene. Cette mise en pratique a nécessité de nombreuses interviews de la direction et du personnel de l’entreprise. Enfin, la quatrième et dernière partie rassemble nos recommandations en matière de gestion d’entreprise en général.</subfield>
  </datafield>
  <datafield tag="695" ind1=" " ind2=" ">
    <subfield code="9">fre</subfield>
    <subfield code="a">gestion d'entreprise ; stratégie d'entreprise</subfield>
  </datafield>
  <datafield tag="700" ind1=" " ind2=" ">
    <subfield code="a">Bertholet, Pierre-André</subfield>
    <subfield code="e">Dir.</subfield>
  </datafield>
  <datafield tag="856" ind1="4" ind2=" ">
    <subfield code="f">Trav._Dipl._-_Nota_Bene_Pelfini.doc</subfield>
    <subfield code="q">application/msword</subfield>
    <subfield code="s">6204928</subfield>
    <subfield code="u">http://doc.rero.ch/record/7812/files/Trav._Dipl._-_Nota_Bene_Pelfini.doc</subfield>
    <subfield code="y">order:1</subfield>
    <subfield code="z">Trav._Dipl._-_Nota_Bene_Pelfini.doc</subfield>
  </datafield>
  <datafield tag="918" ind1=" " ind2=" ">
    <subfield code="c">Économie d'entreprise</subfield>
  </datafield>
  <datafield tag="919" ind1=" " ind2=" ">
    <subfield code="a">Haute école de gestion de Genève</subfield>
    <subfield code="b">Genève</subfield>
    <subfield code="d">doc.support@rero.ch</subfield>
  </datafield>
  <datafield tag="980" ind1=" " ind2=" ">
    <subfield code="a">DISSERTATION</subfield>
    <subfield code="b">HEGGE</subfield>
    <subfield code="f">DISS_BACHELOR</subfield>
  </datafield>
  <datafield tag="990" ind1=" " ind2=" ">
    <subfield code="a">20070514120720-PZ</subfield>
  </datafield>
</record>