
<record>
  <controlfield tag="001">7802</controlfield>
  <controlfield tag="005">20131209145609.0</controlfield>
  <datafield tag="024" ind1="8" ind2=" ">
    <subfield code="a">oai:doc.rero.ch:20070503093751-PU</subfield>
    <subfield code="p">dissertation</subfield>
    <subfield code="p">cdu33</subfield>
    <subfield code="p">infonet_economy</subfield>
    <subfield code="z">cdu1</subfield>
    <subfield code="z">preprint</subfield>
    <subfield code="z">hegge</subfield>
    <subfield code="z">cdu16</subfield>
    <subfield code="z">journal</subfield>
    <subfield code="z">book</subfield>
    <subfield code="z">thesis</subfield>
    <subfield code="z">report</subfield>
    <subfield code="z">thesis_urn</subfield>
    <subfield code="z">cdu34</subfield>
    <subfield code="z">postprint</subfield>
  </datafield>
  <datafield tag="035" ind1=" " ind2=" ">
    <subfield code="a">R004366531</subfield>
  </datafield>
  <datafield tag="041" ind1=" " ind2=" ">
    <subfield code="a">fre</subfield>
  </datafield>
  <datafield tag="080" ind1=" " ind2=" ">
    <subfield code="a">33</subfield>
  </datafield>
  <datafield tag="100" ind1=" " ind2=" ">
    <subfield code="a">Gury, Sandrine</subfield>
  </datafield>
  <datafield tag="245" ind1=" " ind2=" ">
    <subfield code="9">fre</subfield>
    <subfield code="a">Création d'une coopérative de production maraîchère</subfield>
  </datafield>
  <datafield tag="300" ind1=" " ind2=" ">
    <subfield code="a">90 p.</subfield>
  </datafield>
  <datafield tag="502" ind1=" " ind2=" ">
    <subfield code="9">2006</subfield>
    <subfield code="a">Mémoire de diplôme HES : Haute école de gestion de Genève, 2006 ; TDEE 32</subfield>
  </datafield>
  <datafield tag="520" ind1=" " ind2=" ">
    <subfield code="9">fre</subfield>
    <subfield code="a">Avec l’aide « des Jardins de Cocagne » coopérative genevoise de production maraîchère, j’ai décidé de m’investir dans la promotion de l’agriculture contractuelle de proximité. Il est important de savoir que cette forme d’agriculture relie directement un producteur avec des consommateurs, que ce concept privilégie un lien entre les gens de la ville et de la campagne et qu’il contribue au bien-être de chacun. En effet, l’agriculture contractuelle de proximité a des bienfaits pour le producteur, le consommateur et l’environnement. Dès lors, il est impossible d’ignorer cette nouvelle approche de consommer. Une fois ce concept défini, une étude de marché m’a convaincue que l’agriculture contractuelle de proximité représente une nouvelle façon de consommer. De plus en plus de personnes se sentent concernées et désirent changer leur mode de consommation. A partir de cette constatation, j’ai décidé de me lancer dans un projet encore rare à Genève, la création d’une nouvelle coopérative de production maraîchère. Pour que ma démarche soit crédible, j’ai réuni des personnes compétentes pour m’accompagner dans ma démarche. Dès lors, l’élaboration d’un Business Plan s’est avérée essentielle pour le bon déroulement de ce projet. Ce Business Plan décrit toutes les actions que nous avons ou allons mener pour que notre coopérative « le Jardin des Charrotons » soit une réussite. En parallèle à l’écriture du Business Plan et à d’interminables discussions pour assurer le bon déroulement de la coopérative, nous avons entrepris toutes les démarches administratives, les négociations pour l’achat du matériel et l’inscription au registre du commerce. Grâce aux parts sociales des coopérateurs et à la subvention privée que « le Jardin des Charrotons » a obtenu, nous pouvons avec l’appui du plan financier, assurer que la coopérative est viable sur le long terme. Le travail qui suit va détailler ces démarches et confirmer mes propos.</subfield>
  </datafield>
  <datafield tag="695" ind1=" " ind2=" ">
    <subfield code="9">fre</subfield>
    <subfield code="a">coopérative ; culture maraîchère ; organisation (structure)</subfield>
  </datafield>
  <datafield tag="700" ind1=" " ind2=" ">
    <subfield code="a">Ruau, Philippe</subfield>
    <subfield code="e">Dir.</subfield>
  </datafield>
  <datafield tag="700" ind1=" " ind2=" ">
    <subfield code="a">Schilter, Christine</subfield>
    <subfield code="e">Codir.</subfield>
  </datafield>
  <datafield tag="856" ind1="4" ind2=" ">
    <subfield code="f">r_daction_TD.final.pdf</subfield>
    <subfield code="q">application/pdf</subfield>
    <subfield code="s">909182</subfield>
    <subfield code="u">http://doc.rero.ch/record/7802/files/r_daction_TD.final.pdf</subfield>
    <subfield code="y">order:1</subfield>
    <subfield code="z">Mémoire</subfield>
  </datafield>
  <datafield tag="918" ind1=" " ind2=" ">
    <subfield code="a">Haute école de gestion de Genève</subfield>
    <subfield code="c">Economie d'entreprise</subfield>
    <subfield code="b">Campus de Battelle, Bâtiment F, 7 route de Drize, 1227 Carouge</subfield>
  </datafield>
  <datafield tag="919" ind1=" " ind2=" ">
    <subfield code="a">Haute école de gestion de Genève</subfield>
    <subfield code="b">Genève</subfield>
    <subfield code="d">doc.support@rero.ch</subfield>
  </datafield>
  <datafield tag="980" ind1=" " ind2=" ">
    <subfield code="a">DISSERTATION</subfield>
    <subfield code="b">HEGGE</subfield>
    <subfield code="f">DISS_BACHELOR</subfield>
  </datafield>
  <datafield tag="990" ind1=" " ind2=" ">
    <subfield code="a">20070503093751-PU</subfield>
  </datafield>
</record>