
<record>
  <controlfield tag="001">6679</controlfield>
  <controlfield tag="005">20130605082936.0</controlfield>
  <datafield tag="024" ind1="8" ind2=" ">
    <subfield code="a">oai:doc.rero.ch:20070420095055-YI</subfield>
    <subfield code="p">report</subfield>
    <subfield code="p">cdu33</subfield>
    <subfield code="p">rero_explore</subfield>
    <subfield code="z">dissertation</subfield>
    <subfield code="z">cdu1</subfield>
    <subfield code="z">preprint</subfield>
    <subfield code="z">hegge</subfield>
    <subfield code="z">cdu16</subfield>
    <subfield code="z">journal</subfield>
    <subfield code="z">book</subfield>
    <subfield code="z">thesis</subfield>
    <subfield code="z">thesis_urn</subfield>
    <subfield code="z">cdu34</subfield>
    <subfield code="z">postprint</subfield>
  </datafield>
  <datafield tag="027" ind1=" " ind2=" ">
    <subfield code="a">HES-SO/HEG-GE/C--07/1/1--CH</subfield>
  </datafield>
  <datafield tag="041" ind1=" " ind2=" ">
    <subfield code="a">eng</subfield>
  </datafield>
  <datafield tag="080" ind1=" " ind2=" ">
    <subfield code="a">33</subfield>
  </datafield>
  <datafield tag="100" ind1=" " ind2=" ">
    <subfield code="a">Baranzini, Andrea</subfield>
    <subfield code="u">HEG</subfield>
  </datafield>
  <datafield tag="245" ind1=" " ind2=" ">
    <subfield code="9">eng</subfield>
    <subfield code="a">A sight for sore eyes : assessing the value of view and landscape use on the housing market</subfield>
    <subfield code="b">Cahier de recherche</subfield>
  </datafield>
  <datafield tag="269" ind1=" " ind2=" ">
    <subfield code="c">2007</subfield>
  </datafield>
  <datafield tag="300" ind1=" " ind2=" ">
    <subfield code="a">21</subfield>
  </datafield>
  <datafield tag="520" ind1=" " ind2=" ">
    <subfield code="9">eng</subfield>
    <subfield code="a">We apply the hedonic model to the Geneva-Switzerland rental market, in order to assess the value of view and landscape use. In that purpose, we construct a large database of about 10 500 observations containing dwellings structural characteristics and combine it with environmental variables on noise and local air pollution exposure. Then, we make use of the Geneva geographic information system (GIS), in order to define landscape uses and patterns in the neighbourhood of the buildings. Finally, we define several variables in order to quantify the view at the dwelling level. We find that accessibility to various environmental amenities, landscape use and size, as well as view on them have a statistically significant impact on rents. In particular, the size and the view on the natural environment increase rents, while they lower rents in the case of the built environment. We also find that diversity in landscape uses in the building neighbourhood has a negative impact on rents, while possessing a diverse view from the dwelling increases rents.</subfield>
  </datafield>
  <datafield tag="695" ind1=" " ind2=" ">
    <subfield code="9">eng</subfield>
    <subfield code="a">Hedonic model ; rental market ; housing market ; view ; landscape use ; Geographic Information System (GIS)</subfield>
  </datafield>
  <datafield tag="700" ind1=" " ind2=" ">
    <subfield code="a">Schaerer, Caroline</subfield>
    <subfield code="u">HEG</subfield>
  </datafield>
  <datafield tag="775" ind1=" " ind2=" ">
    <subfield code="g">Autre accès : http://www.hesge.ch/heg/crag/doc/pub_wp_ab_18042007.pdf</subfield>
  </datafield>
  <datafield tag="856" ind1="4" ind2=" ">
    <subfield code="f">Baranzini_cahier_recherche_1-07.pdf</subfield>
    <subfield code="q">application/pdf</subfield>
    <subfield code="s">1120430</subfield>
    <subfield code="u">http://doc.rero.ch/record/6679/files/Baranzini_cahier_recherche_1-07.pdf</subfield>
    <subfield code="y">order:1</subfield>
    <subfield code="z">Texte intégral</subfield>
  </datafield>
  <datafield tag="918" ind1=" " ind2=" ">
    <subfield code="c">Centre de recherche appliquée en gestion (CRAG)</subfield>
  </datafield>
  <datafield tag="919" ind1=" " ind2=" ">
    <subfield code="a">Haute école de gestion de Genève</subfield>
    <subfield code="b">Genève</subfield>
    <subfield code="d">doc.support@rero.ch</subfield>
  </datafield>
  <datafield tag="980" ind1=" " ind2=" ">
    <subfield code="a">REPORT</subfield>
    <subfield code="b">HEGGE</subfield>
  </datafield>
  <datafield tag="990" ind1=" " ind2=" ">
    <subfield code="a">20070420095055-YI</subfield>
  </datafield>
</record>