
<record>
  <controlfield tag="001">6606</controlfield>
  <controlfield tag="005">20130211172856.0</controlfield>
  <datafield tag="024" ind1="8" ind2=" ">
    <subfield code="a">oai:doc.rero.ch:20070329102419-ZK</subfield>
    <subfield code="p">dissertation</subfield>
    <subfield code="z">cdu1</subfield>
    <subfield code="z">preprint</subfield>
    <subfield code="z">hegge</subfield>
    <subfield code="z">cdu16</subfield>
    <subfield code="z">journal</subfield>
    <subfield code="z">book</subfield>
    <subfield code="z">cdu004</subfield>
    <subfield code="z">thesis</subfield>
    <subfield code="z">report</subfield>
    <subfield code="z">thesis_urn</subfield>
    <subfield code="z">cdu34</subfield>
    <subfield code="z">postprint</subfield>
  </datafield>
  <datafield tag="035" ind1=" " ind2=" ">
    <subfield code="a">R004366948</subfield>
  </datafield>
  <datafield tag="041" ind1=" " ind2=" ">
    <subfield code="a">fre</subfield>
  </datafield>
  <datafield tag="080" ind1=" " ind2=" ">
    <subfield code="a">004</subfield>
  </datafield>
  <datafield tag="100" ind1=" " ind2=" ">
    <subfield code="a">Carrupt, Samuel</subfield>
  </datafield>
  <datafield tag="245" ind1=" " ind2=" ">
    <subfield code="9">fre</subfield>
    <subfield code="a">Réduction de la fracture numérique par la création de cyber espaces</subfield>
    <subfield code="b">application au système éducatif malien</subfield>
  </datafield>
  <datafield tag="300" ind1=" " ind2=" ">
    <subfield code="a">85 p.</subfield>
  </datafield>
  <datafield tag="502" ind1=" " ind2=" ">
    <subfield code="9">2006</subfield>
    <subfield code="a">Mémoire de diplôme HES : Haute école de gestion de Genève, 2006 ; TDIG 1</subfield>
  </datafield>
  <datafield tag="520" ind1=" " ind2=" ">
    <subfield code="9">fre</subfield>
    <subfield code="a">L’objectif de ce document est de faire part du vécu relatif au travail de recherche appliquée effectué dans le cadre de la mise en place de cyber espaces dans le système éducatif malien. Ce travail de recherche a été réalisé dans le cadre du projet "Cyber Edu". Le projet "Cyber Edu" est le fruit d'une collaboration entre l’Observatoire Technologique (OT) du canton de Genève, la conférence des Nations Unies sur le Commerce et le Développement (CNUCED) et le gouvernement malien. L'objectif du projet "Cyber Edu" est le transfert de technologies et de compétences au Mali en vue de réduire la fracture numérique. A cette fin, des écoles ont été équipées avec du matériel informatique et des utilisateurs ont été formés à l'utilisation et à la maintenance de cet équipement. La Haute Ecole de Gestion de Genève (HEG), ainsi que l’Université de Jaén ont participé activement à la réalisation de ce projet. Le projet "Cyber Edu" correspond à la deuxième phase des accords d'aide aux Pays en Voie de Développement (PVD) signés par le canton de Genève. Une première mission avait déjà eu lieu en 2005 sous le nom de "PC Project in Lesotho". Ma participation à ce premier projet m'a permis de mieux appréhender les problèmes des PVD. Ma contribution au projet "Cyber Edu" a consisté à proposer, tester et valider des choix techniques et pratiques pour l'installation des réseaux locaux dans les écoles, ainsi que documenter chaque procédure d'installation sous la forme de Howto. Lors de la formation des utilisateurs au Mali, ma tâche principale a consisté à encadrer les participants et d'appuyer les techniciens de l'Agence des Technologies de l'Information et des Communication (AGETIC) du Mali pour la préparation du matériel à installer dans les cyber espaces.</subfield>
  </datafield>
  <datafield tag="695" ind1=" " ind2=" ">
    <subfield code="9">fre</subfield>
    <subfield code="a">éducation ; informatique ; organisation (structure) ; technologie de l'information ; Mali (république)</subfield>
  </datafield>
  <datafield tag="700" ind1=" " ind2=" ">
    <subfield code="a">Vigano, Enrico</subfield>
    <subfield code="e">Dir.</subfield>
  </datafield>
  <datafield tag="700" ind1=" " ind2=" ">
    <subfield code="a">Hausser, Dominique</subfield>
    <subfield code="e">Codir.</subfield>
  </datafield>
  <datafield tag="856" ind1="4" ind2=" ">
    <subfield code="f">TD_Final_SamuelCarrupt_20061122.pdf</subfield>
    <subfield code="q">application/pdf</subfield>
    <subfield code="s">1260052</subfield>
    <subfield code="u">http://doc.rero.ch/record/6606/files/TD_Final_SamuelCarrupt_20061122.pdf</subfield>
    <subfield code="y">order:1</subfield>
    <subfield code="z">Mémoire</subfield>
  </datafield>
  <datafield tag="856" ind1="4" ind2=" ">
    <subfield code="f">annexe.pdf</subfield>
    <subfield code="q">application/pdf</subfield>
    <subfield code="s">2815971</subfield>
    <subfield code="u">http://doc.rero.ch/record/6606/files/annexe.pdf</subfield>
    <subfield code="y">order:2</subfield>
    <subfield code="z">Annexes</subfield>
  </datafield>
  <datafield tag="918" ind1=" " ind2=" ">
    <subfield code="a">Haute école de gestion de Genève</subfield>
    <subfield code="c">Informatique de gestion</subfield>
    <subfield code="b">Campus de Battelle, Bâtiment F, 7 route de Drize, 1227 Carouge</subfield>
  </datafield>
  <datafield tag="919" ind1=" " ind2=" ">
    <subfield code="a">Haute école de gestion de Genève</subfield>
    <subfield code="b">Genève</subfield>
    <subfield code="d">doc.support@rero.ch</subfield>
  </datafield>
  <datafield tag="980" ind1=" " ind2=" ">
    <subfield code="a">DISSERTATION</subfield>
    <subfield code="b">HEGGE</subfield>
    <subfield code="f">DISS_BACHELOR</subfield>
  </datafield>
  <datafield tag="990" ind1=" " ind2=" ">
    <subfield code="a">20070329102419-ZK</subfield>
  </datafield>
</record>