
<record>
  <controlfield tag="001">6605</controlfield>
  <controlfield tag="005">20130211172856.0</controlfield>
  <datafield tag="024" ind1="8" ind2=" ">
    <subfield code="a">oai:doc.rero.ch:20070329110054-WL</subfield>
    <subfield code="p">dissertation</subfield>
    <subfield code="z">cdu1</subfield>
    <subfield code="z">preprint</subfield>
    <subfield code="z">hegge</subfield>
    <subfield code="z">cdu16</subfield>
    <subfield code="z">journal</subfield>
    <subfield code="z">book</subfield>
    <subfield code="z">cdu004</subfield>
    <subfield code="z">thesis</subfield>
    <subfield code="z">report</subfield>
    <subfield code="z">thesis_urn</subfield>
    <subfield code="z">cdu34</subfield>
    <subfield code="z">postprint</subfield>
  </datafield>
  <datafield tag="035" ind1=" " ind2=" ">
    <subfield code="a">R004366987</subfield>
  </datafield>
  <datafield tag="041" ind1=" " ind2=" ">
    <subfield code="a">fre</subfield>
  </datafield>
  <datafield tag="080" ind1=" " ind2=" ">
    <subfield code="a">004</subfield>
  </datafield>
  <datafield tag="100" ind1=" " ind2=" ">
    <subfield code="a">Fasel, Fabrice</subfield>
  </datafield>
  <datafield tag="245" ind1=" " ind2=" ">
    <subfield code="9">fre</subfield>
    <subfield code="a">Comment garantir la confidentialité des données sensibles stockées sur les assistants personnels</subfield>
  </datafield>
  <datafield tag="300" ind1=" " ind2=" ">
    <subfield code="a">46 p.</subfield>
  </datafield>
  <datafield tag="502" ind1=" " ind2=" ">
    <subfield code="9">2006</subfield>
    <subfield code="a">Mémoire de diplôme HES : Haute école de gestion de Genève, 2006 ; TDIG 3</subfield>
  </datafield>
  <datafield tag="520" ind1=" " ind2=" ">
    <subfield code="9">fre</subfield>
    <subfield code="a">Ce travail de diplôme porte sur la mise en place d’une stratégie visant à garantir la confidentialité des données sensibles contenues sur les assistants personnels. L’objectif étant d’obtenir un guide permettant d’atteindre le niveau de sécurité de l’information nécessaire aux données transportées. La politique de sécurité informatique se résume en trois domaines. La disponibilité, la confidentialité et l’intégrité des données. Ce travail ne traite que du facteur confidentialité de l’information. Il sera démontré que l’aspect technique ne suffit pas à une mise en place complète de la sécurité. Il faut également traiter l’aspect organisationnel et le facteur humain, car chacun de ces points peuvent sensiblement représenter une faille dans la confidentialité de l’information.</subfield>
  </datafield>
  <datafield tag="695" ind1=" " ind2=" ">
    <subfield code="9">fre</subfield>
    <subfield code="a">informatique mobile ; sécurité des données ; télécommunications ; pda ; smartphone ; assistant personnel ; agenda éléctronique</subfield>
  </datafield>
  <datafield tag="700" ind1=" " ind2=" ">
    <subfield code="a">Hauri, Rolf</subfield>
    <subfield code="e">Dir.</subfield>
  </datafield>
  <datafield tag="856" ind1="4" ind2=" ">
    <subfield code="f">Travail_de_dipl_me_-_Fabrice_Fasel_-_2006.12.01.doc</subfield>
    <subfield code="q">application/msword</subfield>
    <subfield code="s">730112</subfield>
    <subfield code="u">http://doc.rero.ch/record/6605/files/Travail_de_dipl_me_-_Fabrice_Fasel_-_2006.12.01.doc</subfield>
    <subfield code="y">order:1</subfield>
    <subfield code="z">Mémoire</subfield>
  </datafield>
  <datafield tag="918" ind1=" " ind2=" ">
    <subfield code="a">Haute école de gestion de Genève</subfield>
    <subfield code="c">Informatique de gestion</subfield>
    <subfield code="b">Campus de Battelle, Bâtiment F, 7 route de Drize, 1227 Carouge</subfield>
  </datafield>
  <datafield tag="919" ind1=" " ind2=" ">
    <subfield code="a">Haute école de gestion de Genève</subfield>
    <subfield code="b">Genève</subfield>
    <subfield code="d">doc.support@rero.ch</subfield>
  </datafield>
  <datafield tag="980" ind1=" " ind2=" ">
    <subfield code="a">DISSERTATION</subfield>
    <subfield code="b">HEGGE</subfield>
    <subfield code="f">DISS_BACHELOR</subfield>
  </datafield>
  <datafield tag="990" ind1=" " ind2=" ">
    <subfield code="a">20070329110054-WL</subfield>
  </datafield>
</record>