
<record>
  <controlfield tag="001">6604</controlfield>
  <controlfield tag="005">20130211172856.0</controlfield>
  <datafield tag="024" ind1="8" ind2=" ">
    <subfield code="a">oai:doc.rero.ch:20070329110737-ZS</subfield>
    <subfield code="p">dissertation</subfield>
    <subfield code="z">cdu1</subfield>
    <subfield code="z">preprint</subfield>
    <subfield code="z">hegge</subfield>
    <subfield code="z">cdu16</subfield>
    <subfield code="z">journal</subfield>
    <subfield code="z">book</subfield>
    <subfield code="z">cdu004</subfield>
    <subfield code="z">thesis</subfield>
    <subfield code="z">report</subfield>
    <subfield code="z">thesis_urn</subfield>
    <subfield code="z">cdu34</subfield>
    <subfield code="z">postprint</subfield>
  </datafield>
  <datafield tag="035" ind1=" " ind2=" ">
    <subfield code="a">R004367063</subfield>
  </datafield>
  <datafield tag="041" ind1=" " ind2=" ">
    <subfield code="a">fre</subfield>
  </datafield>
  <datafield tag="080" ind1=" " ind2=" ">
    <subfield code="a">004</subfield>
  </datafield>
  <datafield tag="100" ind1=" " ind2=" ">
    <subfield code="a">Federau, Eric</subfield>
  </datafield>
  <datafield tag="245" ind1=" " ind2=" ">
    <subfield code="9">fre</subfield>
    <subfield code="a">La société de l'information vue du Sud</subfield>
    <subfield code="b">tendances et impacts des TICs en Amérique latine</subfield>
  </datafield>
  <datafield tag="300" ind1=" " ind2=" ">
    <subfield code="a">125 p.</subfield>
  </datafield>
  <datafield tag="502" ind1=" " ind2=" ">
    <subfield code="9">2006</subfield>
    <subfield code="a">Mémoire de diplôme HES : Haute école de gestion de Genève, 2006 ; TDIG 4</subfield>
  </datafield>
  <datafield tag="520" ind1=" " ind2=" ">
    <subfield code="9">fre</subfield>
    <subfield code="a">De nos jours, l'utilisation des technologies de l'information et des communications prend toujours plus d'importance. La constitution de réseau accélère le cycle des innovations et permet d'accélérer la croissance économique. Cependant, ce phénomène se passe essentiellement dans les pays riches, mais qu'en est-il dans les pays en voie de développement ? L'analyse de l'implantation de la Société de l'information en Amérique latine montre que dans certains domaines, ces pays sont au même niveau que les pays développés. Les populations défavorisées risquent d'être encore plus marginalisées si elles n'utilisent pas les possibilités offertes par ces avancées technologiques.  Des expéricences réussies dans ces pays montrent que les TICs peuvent aider ces populations à sortir de la pauvreté. Beaucoup de facteurs différents influencent l'accès à Internet de la population latino-américaine. Ce travail de diplôme examine d'un point de vue social, économique, financier, scientifique et technologique l'utilisation des TICs sur sol latino-américain et analyse les tendances et impacts de la Société de l'information en Amérique latine.</subfield>
  </datafield>
  <datafield tag="695" ind1=" " ind2=" ">
    <subfield code="9">fre</subfield>
    <subfield code="a">société de l'information ; technologie de l'information ; Amérique latine</subfield>
  </datafield>
  <datafield tag="700" ind1=" " ind2=" ">
    <subfield code="a">Hauri, Rolf</subfield>
    <subfield code="e">Dir.</subfield>
  </datafield>
  <datafield tag="856" ind1="4" ind2=" ">
    <subfield code="f">La_soci_t_de_l_Information_en_ALC.pdf</subfield>
    <subfield code="q">application/pdf</subfield>
    <subfield code="s">1356146</subfield>
    <subfield code="u">http://doc.rero.ch/record/6604/files/La_soci_t_de_l_Information_en_ALC.pdf</subfield>
    <subfield code="y">order:1</subfield>
    <subfield code="z">Mémoire</subfield>
  </datafield>
  <datafield tag="918" ind1=" " ind2=" ">
    <subfield code="a">Haute école de gestion de Genève</subfield>
    <subfield code="c">Informatique de gestion</subfield>
    <subfield code="b">Campus de Battelle, Bâtiment F, 7 route de Drize, 1227 Carouge</subfield>
  </datafield>
  <datafield tag="919" ind1=" " ind2=" ">
    <subfield code="a">Haute école de gestion de Genève</subfield>
    <subfield code="b">Genève</subfield>
    <subfield code="d">doc.support@rero.ch</subfield>
  </datafield>
  <datafield tag="980" ind1=" " ind2=" ">
    <subfield code="a">DISSERTATION</subfield>
    <subfield code="b">HEGGE</subfield>
    <subfield code="f">DISS_BACHELOR</subfield>
  </datafield>
  <datafield tag="990" ind1=" " ind2=" ">
    <subfield code="a">20070329110737-ZS</subfield>
  </datafield>
</record>