
<record>
  <controlfield tag="001">6603</controlfield>
  <controlfield tag="005">20130211172856.0</controlfield>
  <datafield tag="024" ind1="8" ind2=" ">
    <subfield code="a">oai:doc.rero.ch:20070329111625-OZ</subfield>
    <subfield code="p">dissertation</subfield>
    <subfield code="z">cdu1</subfield>
    <subfield code="z">preprint</subfield>
    <subfield code="z">hegge</subfield>
    <subfield code="z">cdu16</subfield>
    <subfield code="z">journal</subfield>
    <subfield code="z">book</subfield>
    <subfield code="z">cdu004</subfield>
    <subfield code="z">thesis</subfield>
    <subfield code="z">report</subfield>
    <subfield code="z">thesis_urn</subfield>
    <subfield code="z">cdu34</subfield>
    <subfield code="z">postprint</subfield>
  </datafield>
  <datafield tag="035" ind1=" " ind2=" ">
    <subfield code="a">R004367116</subfield>
  </datafield>
  <datafield tag="041" ind1=" " ind2=" ">
    <subfield code="a">fre</subfield>
  </datafield>
  <datafield tag="080" ind1=" " ind2=" ">
    <subfield code="a">004</subfield>
  </datafield>
  <datafield tag="100" ind1=" " ind2=" ">
    <subfield code="a">Freitas Paixão, Rodrigo</subfield>
  </datafield>
  <datafield tag="245" ind1=" " ind2=" ">
    <subfield code="9">fre</subfield>
    <subfield code="a">La Business Intelligence est-elle adaptée au monde des PME ?</subfield>
  </datafield>
  <datafield tag="300" ind1=" " ind2=" ">
    <subfield code="a">48 p.</subfield>
  </datafield>
  <datafield tag="502" ind1=" " ind2=" ">
    <subfield code="9">2006</subfield>
    <subfield code="a">Mémoire de diplôme HES : Haute école de gestion de Genève, 2006 ; TDIG 5</subfield>
  </datafield>
  <datafield tag="520" ind1=" " ind2=" ">
    <subfield code="9">fre</subfield>
    <subfield code="a">Le but de ce travail est de présenter une introduction de la Business Intelligence accessible à tout genre de publique, et fournir une étude du marché du décisionnel en Suisse pour les PME. Ce travail présente un historique, une définition, une vue des moyens employés actuellement dans les PME en Suisse pour faire de la Business Intelligence. Pour les PME intéressées par la Business Intelligence, une démarche à appliquer est également proposée. Dans le but de vérifier cette méthode, nous avons effectué des stages d’observation en entreprise dans trois différentes PME en Suisse. Les résultats de ces travaux sont traités dans le chapitre « Cas pratiques ». Ce travail de diplôme nous a aussi donné la possibilité de mettre en oeuvre les compétences acquises tout au long de notre cursus au sein de la HEG dans des domaines variés tels que : les Base de données, la programmation, les technologies Web.</subfield>
  </datafield>
  <datafield tag="695" ind1=" " ind2=" ">
    <subfield code="9">fre</subfield>
    <subfield code="a">informatique de gestion ; intelligence économique ; entreprise ; système d'information</subfield>
  </datafield>
  <datafield tag="700" ind1=" " ind2=" ">
    <subfield code="a">Brentini, Gilles</subfield>
    <subfield code="e">Dir.</subfield>
  </datafield>
  <datafield tag="856" ind1="4" ind2=" ">
    <subfield code="f">BusinessIntelligence.pdf</subfield>
    <subfield code="q">application/pdf</subfield>
    <subfield code="s">757470</subfield>
    <subfield code="u">http://doc.rero.ch/record/6603/files/BusinessIntelligence.pdf</subfield>
    <subfield code="y">order:1</subfield>
    <subfield code="z">Mémoire</subfield>
  </datafield>
  <datafield tag="856" ind1="4" ind2=" ">
    <subfield code="f">annexes.pdf</subfield>
    <subfield code="q">application/pdf</subfield>
    <subfield code="s">632572</subfield>
    <subfield code="u">http://doc.rero.ch/record/6603/files/annexes.pdf</subfield>
    <subfield code="y">order:2</subfield>
    <subfield code="z">Annexes</subfield>
  </datafield>
  <datafield tag="918" ind1=" " ind2=" ">
    <subfield code="a">Haute école de gestion de Genève</subfield>
    <subfield code="c">Informatique de gestion</subfield>
    <subfield code="b">Campus de Battelle, Bâtiment F, 7 route de Drize, 1227 Carouge</subfield>
  </datafield>
  <datafield tag="919" ind1=" " ind2=" ">
    <subfield code="a">Haute école de gestion de Genève</subfield>
    <subfield code="b">Genève</subfield>
    <subfield code="d">doc.support@rero.ch</subfield>
  </datafield>
  <datafield tag="980" ind1=" " ind2=" ">
    <subfield code="a">DISSERTATION</subfield>
    <subfield code="b">HEGGE</subfield>
    <subfield code="f">DISS_BACHELOR</subfield>
  </datafield>
  <datafield tag="990" ind1=" " ind2=" ">
    <subfield code="a">20070329111625-OZ</subfield>
  </datafield>
</record>