
<record>
  <controlfield tag="001">6602</controlfield>
  <controlfield tag="005">20130211172856.0</controlfield>
  <datafield tag="024" ind1="8" ind2=" ">
    <subfield code="a">oai:doc.rero.ch:20070329112109-YG</subfield>
    <subfield code="p">dissertation</subfield>
    <subfield code="z">cdu1</subfield>
    <subfield code="z">preprint</subfield>
    <subfield code="z">hegge</subfield>
    <subfield code="z">cdu16</subfield>
    <subfield code="z">journal</subfield>
    <subfield code="z">book</subfield>
    <subfield code="z">cdu004</subfield>
    <subfield code="z">thesis</subfield>
    <subfield code="z">report</subfield>
    <subfield code="z">thesis_urn</subfield>
    <subfield code="z">cdu34</subfield>
    <subfield code="z">postprint</subfield>
  </datafield>
  <datafield tag="035" ind1=" " ind2=" ">
    <subfield code="a">R004367151</subfield>
  </datafield>
  <datafield tag="041" ind1=" " ind2=" ">
    <subfield code="a">fre</subfield>
  </datafield>
  <datafield tag="080" ind1=" " ind2=" ">
    <subfield code="a">004</subfield>
  </datafield>
  <datafield tag="100" ind1=" " ind2=" ">
    <subfield code="a">Hossein-Soltani, Iman</subfield>
  </datafield>
  <datafield tag="245" ind1=" " ind2=" ">
    <subfield code="9">fre</subfield>
    <subfield code="a">Les bots et la recherche de l'information</subfield>
  </datafield>
  <datafield tag="300" ind1=" " ind2=" ">
    <subfield code="a">100 p.</subfield>
  </datafield>
  <datafield tag="502" ind1=" " ind2=" ">
    <subfield code="9">2006</subfield>
    <subfield code="a">Mémoire de diplôme HES : Haute école de gestion de Genève, 2006 ; TDIG 6</subfield>
  </datafield>
  <datafield tag="520" ind1=" " ind2=" ">
    <subfield code="9">fre</subfield>
    <subfield code="a">Ce travail est composé de cinq parties. Dans la première partie, nous définirons la notion de bot et nous répondrons à la question : « Qu’est ce qu’un bot ? » Etant donnée l’application de cet outil informatique dans des domaines très divers, nous avons décidé d’aborder le sujet en expliquant un ensemble plus grand que celui des bots. Ainsi, nous allons développer la notion d’agent qui généralise le concept de bot afin d’en illustrer les propriétés. Ensuite, nous classerons les bots dans des catégories qui démontreront leurs applications pour différents usages. Pour chaque catégorie nous approfondirons le cas d’utilisation et son mécanisme avec des exemples. Dans la deuxième partie du travail, nous examinerons une méthode pour l’amélioration des recherches d’information. Nous l’étudierons en détail et nous verrons comment et à quels outils de recherche cette méthode pourrait être appliquée. Dans la troisième partie du travail, nous proposerons une idée d’application pour la mise en œuvre d’un outil de recherche d’information utilisant un bot au sein du système. Nous examinerons, par la suite, les différents aspects de la mise en application de l’idée. Ainsi, nous suivrons une démarche technique pour vérifier sa concordance avec les objectifs. Cette démarche pourrait inspirer le processus de la mise en œuvre de nouveaux outils informatiques. Ce processus consiste à développer une problématique de laquelle découleront une ou plusieurs solutions. Nous verrons également comment nous mettons en marche cet outil de façon concrète, tout en lui incluant les compétences et les propriétés nécessaires d’un bot. Le code du programme est en annexe.</subfield>
  </datafield>
  <datafield tag="695" ind1=" " ind2=" ">
    <subfield code="9">fre</subfield>
    <subfield code="a">agent intelligent ; intelligence artificielle ; recherche de l'information ; web sémantique</subfield>
  </datafield>
  <datafield tag="700" ind1=" " ind2=" ">
    <subfield code="a">Trabichet, Jean-Philippe</subfield>
    <subfield code="e">Dir.</subfield>
  </datafield>
  <datafield tag="856" ind1="4" ind2=" ">
    <subfield code="f">TD_Iman_HS_Les_bots_et_la_recherche_de_l_information.doc</subfield>
    <subfield code="q">application/msword</subfield>
    <subfield code="s">2620928</subfield>
    <subfield code="u">http://doc.rero.ch/record/6602/files/TD_Iman_HS_Les_bots_et_la_recherche_de_l_information.doc</subfield>
    <subfield code="y">order:1</subfield>
    <subfield code="z">Mémoire</subfield>
  </datafield>
  <datafield tag="918" ind1=" " ind2=" ">
    <subfield code="a">Haute école de gestion de Genève</subfield>
    <subfield code="c">Informatique de gestion</subfield>
    <subfield code="b">Campus de Battelle, Bâtiment F, 7 route de Drize, 1227 Carouge</subfield>
  </datafield>
  <datafield tag="919" ind1=" " ind2=" ">
    <subfield code="a">Haute école de gestion de Genève</subfield>
    <subfield code="b">Genève</subfield>
    <subfield code="d">doc.support@rero.ch</subfield>
  </datafield>
  <datafield tag="980" ind1=" " ind2=" ">
    <subfield code="a">DISSERTATION</subfield>
    <subfield code="b">HEGGE</subfield>
    <subfield code="f">DISS_BACHELOR</subfield>
  </datafield>
  <datafield tag="990" ind1=" " ind2=" ">
    <subfield code="a">20070329112109-YG</subfield>
  </datafield>
</record>