
<record>
  <controlfield tag="001">6600</controlfield>
  <controlfield tag="005">20130211172856.0</controlfield>
  <datafield tag="024" ind1="8" ind2=" ">
    <subfield code="a">oai:doc.rero.ch:20070329114042-VG</subfield>
    <subfield code="p">dissertation</subfield>
    <subfield code="z">cdu1</subfield>
    <subfield code="z">preprint</subfield>
    <subfield code="z">hegge</subfield>
    <subfield code="z">cdu16</subfield>
    <subfield code="z">journal</subfield>
    <subfield code="z">book</subfield>
    <subfield code="z">cdu004</subfield>
    <subfield code="z">thesis</subfield>
    <subfield code="z">report</subfield>
    <subfield code="z">thesis_urn</subfield>
    <subfield code="z">cdu34</subfield>
    <subfield code="z">postprint</subfield>
  </datafield>
  <datafield tag="035" ind1=" " ind2=" ">
    <subfield code="a">R004367165</subfield>
  </datafield>
  <datafield tag="041" ind1=" " ind2=" ">
    <subfield code="a">fre</subfield>
  </datafield>
  <datafield tag="080" ind1=" " ind2=" ">
    <subfield code="a">004</subfield>
  </datafield>
  <datafield tag="100" ind1=" " ind2=" ">
    <subfield code="a">Vitali, Xavier</subfield>
  </datafield>
  <datafield tag="245" ind1=" " ind2=" ">
    <subfield code="9">fre</subfield>
    <subfield code="a">Problématique de la recherche textuelle et Intranet qualité</subfield>
  </datafield>
  <datafield tag="300" ind1=" " ind2=" ">
    <subfield code="a">54 p.</subfield>
  </datafield>
  <datafield tag="502" ind1=" " ind2=" ">
    <subfield code="9">2006</subfield>
    <subfield code="a">Mémoire de diplôme HES : Haute école de gestion de Genève, 2006 ; TDIG 8</subfield>
  </datafield>
  <datafield tag="520" ind1=" " ind2=" ">
    <subfield code="9">fre</subfield>
    <subfield code="a">En effet, M BURDET désirait un outil intégré au site lui permettant, ainsi qu’aux autres collaborateurs de la HEG, d’effectuer des recherches par mots clé sur le site Intranet.  C'est la raison pour laquelle nous avons donc axé notre travail de diplôme sur le thème de la recherche textuelle de l’information et le principe d’indexation avec comme objectif de réaliser un prototype fonctionnel sur le site Intranet. Pour cela, nous avons étudié différents outils du marché et choisi l’un d’entre eux pour la réalisation du prototype. Nous avons opté pour une méthodologie en entonnoir afin de partir sur les principes généraux de la recherche d’informations et le fonctionnement des moteurs de recherche. Puis, nous présentons et sélectionnons des outils candidats en les confrontant grâce à des critères prédéfinis avec le mandant pour enfin choisir l’un d’entre eux. Enfin, je réalise le prototype en détaillant chaque étape de la démarche pour obtenir un système de recherche viable et fonctionnel à l’intérieur du site Intranet Qualité de la HEG. Nous avons accepté ce sujet car il permettait de mettre en œuvre une démarche de recherche d’information complexe sur un thème qui nous parait aujourd’hui commun : la recherche d’information à travers Internet. De plus, la réalisation d’un prototype fonctionnel prouvant la faisabilité du mandat nous semblait importante. Nous avons donc eu la chance de manipuler des environnements qui nous étaient inconnus jusqu’à présent tels que les stations de travail virtuelles ou MondoSearch.  Ce travail de diplôme nous permet aussi de mettre en œuvre les compétences tout au long de notre cursus au sein de la HEG dans des domaines variés : communication, réseau, programmation, technologie du Web.</subfield>
  </datafield>
  <datafield tag="695" ind1=" " ind2=" ">
    <subfield code="9">fre</subfield>
    <subfield code="a">intranet ; recherche de l'information</subfield>
  </datafield>
  <datafield tag="700" ind1=" " ind2=" ">
    <subfield code="a">Daehne, Peter</subfield>
    <subfield code="e">Dir.</subfield>
  </datafield>
  <datafield tag="700" ind1=" " ind2=" ">
    <subfield code="a">Burdet, Xavier</subfield>
    <subfield code="e">Codir.</subfield>
  </datafield>
  <datafield tag="856" ind1="4" ind2=" ">
    <subfield code="f">MEMOIRE.pdf</subfield>
    <subfield code="q">application/pdf</subfield>
    <subfield code="s">670655</subfield>
    <subfield code="u">http://doc.rero.ch/record/6600/files/MEMOIRE.pdf</subfield>
    <subfield code="y">order:1</subfield>
    <subfield code="z">Mémoire</subfield>
  </datafield>
  <datafield tag="918" ind1=" " ind2=" ">
    <subfield code="a">Haute école de gestion de Genève</subfield>
    <subfield code="c">Informatique de gestion</subfield>
    <subfield code="b">Campus de Battelle, Bâtiment F, 7 route de Drize, 1227 Carouge</subfield>
  </datafield>
  <datafield tag="919" ind1=" " ind2=" ">
    <subfield code="a">Haute école de gestion de Genève</subfield>
    <subfield code="b">Genève</subfield>
    <subfield code="d">doc.support@rero.ch</subfield>
  </datafield>
  <datafield tag="980" ind1=" " ind2=" ">
    <subfield code="a">DISSERTATION</subfield>
    <subfield code="b">HEGGE</subfield>
    <subfield code="f">DISS_BACHELOR</subfield>
  </datafield>
  <datafield tag="990" ind1=" " ind2=" ">
    <subfield code="a">20070329114042-VG</subfield>
  </datafield>
</record>