
<record>
  <controlfield tag="001">6599</controlfield>
  <controlfield tag="005">20131209145608.0</controlfield>
  <datafield tag="024" ind1="8" ind2=" ">
    <subfield code="a">oai:doc.rero.ch:20070330091626-PX</subfield>
    <subfield code="p">dissertation</subfield>
    <subfield code="p">cdu33</subfield>
    <subfield code="p">infonet_economy</subfield>
    <subfield code="z">cdu1</subfield>
    <subfield code="z">preprint</subfield>
    <subfield code="z">hegge</subfield>
    <subfield code="z">cdu16</subfield>
    <subfield code="z">journal</subfield>
    <subfield code="z">book</subfield>
    <subfield code="z">thesis</subfield>
    <subfield code="z">report</subfield>
    <subfield code="z">thesis_urn</subfield>
    <subfield code="z">cdu34</subfield>
    <subfield code="z">postprint</subfield>
  </datafield>
  <datafield tag="035" ind1=" " ind2=" ">
    <subfield code="a">R004366497</subfield>
  </datafield>
  <datafield tag="041" ind1=" " ind2=" ">
    <subfield code="a">fre</subfield>
  </datafield>
  <datafield tag="080" ind1=" " ind2=" ">
    <subfield code="a">33</subfield>
  </datafield>
  <datafield tag="100" ind1=" " ind2=" ">
    <subfield code="a">Cantele, Yann</subfield>
  </datafield>
  <datafield tag="245" ind1=" " ind2=" ">
    <subfield code="9">fre</subfield>
    <subfield code="a">La privatisation de Swisscom sous l'angle du risque de réputation</subfield>
  </datafield>
  <datafield tag="300" ind1=" " ind2=" ">
    <subfield code="a">73 p.</subfield>
  </datafield>
  <datafield tag="502" ind1=" " ind2=" ">
    <subfield code="9">2006</subfield>
    <subfield code="a">Mémoire de diplôme HES : Haute école de gestion de Genève, 2006 ; TDEE 31</subfield>
  </datafield>
  <datafield tag="520" ind1=" " ind2=" ">
    <subfield code="9">fre</subfield>
    <subfield code="a">Une bonne réputation est un élément difficilement quantifiable mais extrêmement important pour la bonne marche d’une entreprise. En effet, une excellente image et notoriété peuvent permettre d’améliorer les ventes, de capter l’intérêt des investisseurs ou encore d’attirer de nouveaux employés motivés. Toutefois, la réputation, comme tout autre risque d’entreprise, est exposée à des menaces pouvant avoir des répercussions négatives. Swisscom a, pour sa part, dû faire face à d’importantes pressions politiques et médiatiques. Son actionnaire principal (la Confédération suisse) souhaite en effet privatiser l’opérateur historique. Le sujet est cependant très sensible car les souvenirs du grounding de Swissair sont encore très présents dans les esprits. Ce projet n’a pas été accepté pour l’instant mais devrait être abordé à nouveau en 2008 après les élections législatives. Swisscom souhaite donc connaître les risques qu’elle encoure en cas de privatisation. Mon travail a, de ce fait, consisté à identifier certains facteurs externes pouvant survenir lors d’une privatisation, tels qu’un changement de stratégie ou encore une reprise du groupe par un opérateur étranger, ainsi qu’à analyser leurs impacts sur la réputation. Des informations récoltées sur Internet, dans la presse ou encore lors d’interviews m’ont aidé à déceler ces facteurs. J’ai ensuite tenté, de façon objective, de mesurer les possibles répercussions sur la réputation. Une privatisation apporterait sûrement de nouvelles opportunités de croissance pour Swisscom. Cependant, j’estime qu’à l’heure actuelle elle n’est pas à même de gérer et protéger sa réputation face à une privatisation anticipée, ceci a la lumière des récents évènements de 2005 et 2006. Je recommande donc à Swisscom de gérer dans un premier temps ce risque de manière indépendante et d’intégrer tous les départements dans ce processus car la réputation affecte finalement chaque aspect d’une entreprise. De plus, Swisscom se doit de communiquer de façon plus transparente et explicite afin de convaincre ses clients et investisseurs que leurs craintes ne sont pas fondées. La réputation n’est pas à prendre à la légère et ne doit pas être gérée qu’en période de crise. Mon travail démontre cependant qu’elle nécessite une gestion pro-active.</subfield>
  </datafield>
  <datafield tag="695" ind1=" " ind2=" ">
    <subfield code="9">fre</subfield>
    <subfield code="a">privatisation ; réputation ; risque ; Swisscom</subfield>
  </datafield>
  <datafield tag="700" ind1=" " ind2=" ">
    <subfield code="a">Fragnière, Emmanuel</subfield>
    <subfield code="e">Dir.</subfield>
  </datafield>
  <datafield tag="856" ind1="4" ind2=" ">
    <subfield code="f">Yann_-_TD_swisscom_version_finale.doc</subfield>
    <subfield code="q">application/msword</subfield>
    <subfield code="s">1989120</subfield>
    <subfield code="u">http://doc.rero.ch/record/6599/files/Yann_-_TD_swisscom_version_finale.doc</subfield>
    <subfield code="y">order:1</subfield>
    <subfield code="z">Mémoire</subfield>
  </datafield>
  <datafield tag="918" ind1=" " ind2=" ">
    <subfield code="a">Haute école de gestion de Genève</subfield>
    <subfield code="c">Economie d'entreprise</subfield>
    <subfield code="b">Campus de Battelle, Bâtiment F, 7 route de Drize, 1227 Carouge</subfield>
  </datafield>
  <datafield tag="919" ind1=" " ind2=" ">
    <subfield code="a">Haute école de gestion de Genève</subfield>
    <subfield code="b">Genève</subfield>
    <subfield code="d">doc.support@rero.ch</subfield>
  </datafield>
  <datafield tag="980" ind1=" " ind2=" ">
    <subfield code="a">DISSERTATION</subfield>
    <subfield code="b">HEGGE</subfield>
    <subfield code="f">DISS_BACHELOR</subfield>
  </datafield>
  <datafield tag="990" ind1=" " ind2=" ">
    <subfield code="a">20070330091626-PX</subfield>
  </datafield>
</record>