
<record>
  <controlfield tag="001">6598</controlfield>
  <controlfield tag="005">20131209145608.0</controlfield>
  <datafield tag="024" ind1="8" ind2=" ">
    <subfield code="a">oai:doc.rero.ch:20070330092129-UK</subfield>
    <subfield code="p">dissertation</subfield>
    <subfield code="p">cdu33</subfield>
    <subfield code="p">infonet_economy</subfield>
    <subfield code="z">cdu1</subfield>
    <subfield code="z">preprint</subfield>
    <subfield code="z">hegge</subfield>
    <subfield code="z">cdu16</subfield>
    <subfield code="z">journal</subfield>
    <subfield code="z">book</subfield>
    <subfield code="z">thesis</subfield>
    <subfield code="z">report</subfield>
    <subfield code="z">thesis_urn</subfield>
    <subfield code="z">cdu34</subfield>
    <subfield code="z">postprint</subfield>
  </datafield>
  <datafield tag="035" ind1=" " ind2=" ">
    <subfield code="a">R004366467</subfield>
  </datafield>
  <datafield tag="041" ind1=" " ind2=" ">
    <subfield code="a">fre</subfield>
  </datafield>
  <datafield tag="080" ind1=" " ind2=" ">
    <subfield code="a">33</subfield>
  </datafield>
  <datafield tag="100" ind1=" " ind2=" ">
    <subfield code="a">Buffet, Raphaël</subfield>
  </datafield>
  <datafield tag="245" ind1=" " ind2=" ">
    <subfield code="9">fre</subfield>
    <subfield code="a">Analyse de la norme ISO 9001:2000 et approche des processus pour les Etablissements de Bellechasse</subfield>
  </datafield>
  <datafield tag="300" ind1=" " ind2=" ">
    <subfield code="a">59 p.</subfield>
  </datafield>
  <datafield tag="502" ind1=" " ind2=" ">
    <subfield code="9">2006</subfield>
    <subfield code="a">Mémoire de diplôme HES : Haute école de gestion de Genève, 2006 ; TDEE 30</subfield>
  </datafield>
  <datafield tag="520" ind1=" " ind2=" ">
    <subfield code="9">fre</subfield>
    <subfield code="a">La qualité. Qui pourrait soupçonner qu’un mot si simple en apparence puisse être à l’origine de tant de discussions, d’ouvrages et d’innovations ? Dans le domaine économique, la qualité a pris une place prépondérante pour les entreprises. En effet, pour pouvoir assurer leur pérennité elles ne peuvent plus se contenter de vendre un produit, il faut que le client soit séduit, l’achète et soit satisfait de son achat. De cette manière il reviendra et continuera sa relation avec son fournisseur. Sans qualité, pas de fidélisation. Aujourd’hui, il ne suffit plus non plus de proposer un produit fini de qualité, il faut que toute l’organisation de l’entreprise soit efficace pour proposer au client des services complémentaires afin de le fidéliser. L’ISO (Organisation internationale de normalisation) édite de nombreuses normes dont la plus connues est le standard ISO 9001:2000. Celui-ci présente des concepts permettant à une entreprise de satisfaire aux exigences de ses clients grâce à une organisation optimale basée sur un système de management de la qualité. La première partie de ce travail consistera justement à une explication de cette norme. L’un des points de cette dernière précise qu’il faut mettre en oeuvre un système basé sur une organisation par processus. C’est particulièrement sur ce point là que la deuxième partie de ce travail sera orientée. Depuis plus de cent ans, les pénitenciers du canton de Fribourg sont situé sur le domaine de Bellechasse. En assurant un régime progressif à leurs détenus, ils sont devenus, au fil des ans, le deuxième domaine agricole de Suisse. Pour mener à bien leurs missions, ils emploient aujourd’hui presque 100 personnes dans des domaines aussi variés que l’administration, l’agriculture, l’élevage et la sécurité. La gestion de toutes ces ressources de manière simultanée n’est pas une chose aisée. C’est pourquoi, les responsables des Etablissements de Bellechasse s’intéressent de près aux processus pour organiser leur entreprise autour de ce concept. Ce travail constitue, en quelque sorte, l’esquisse d’un projet d’une très grande ampleur. En abordant, d’abord l’identification et la représentation des processus, et ensuite la description de procédures des Etablissements de Bellechasse, il permettra à leurs dirigeants et collaborateurs de mieux comprendre en quoi consiste exactement le fait de s’organiser autour des processus.</subfield>
  </datafield>
  <datafield tag="695" ind1=" " ind2=" ">
    <subfield code="9">fre</subfield>
    <subfield code="a">norme ISO 9001 ; qualité ; services - certification ; Etablissements pénitentiaires de Bellechasse</subfield>
  </datafield>
  <datafield tag="700" ind1=" " ind2=" ">
    <subfield code="a">Baracchini, Paolo</subfield>
    <subfield code="e">Dir.</subfield>
  </datafield>
  <datafield tag="856" ind1="4" ind2=" ">
    <subfield code="f">TD_RaphaelBuffet_06.pdf</subfield>
    <subfield code="q">application/pdf</subfield>
    <subfield code="s">1178371</subfield>
    <subfield code="u">http://doc.rero.ch/record/6598/files/TD_RaphaelBuffet_06.pdf</subfield>
    <subfield code="y">order:1</subfield>
    <subfield code="z">Mémoire</subfield>
  </datafield>
  <datafield tag="918" ind1=" " ind2=" ">
    <subfield code="a">Haute école de gestion de Genève</subfield>
    <subfield code="c">Economie d'entreprise</subfield>
    <subfield code="b">Campus de Battelle, Bâtiment F, 7 route de Drize, 1227 Carouge</subfield>
  </datafield>
  <datafield tag="919" ind1=" " ind2=" ">
    <subfield code="a">Haute école de gestion de Genève</subfield>
    <subfield code="b">Genève</subfield>
    <subfield code="d">doc.support@rero.ch</subfield>
  </datafield>
  <datafield tag="980" ind1=" " ind2=" ">
    <subfield code="a">DISSERTATION</subfield>
    <subfield code="b">HEGGE</subfield>
    <subfield code="f">DISS_BACHELOR</subfield>
  </datafield>
  <datafield tag="990" ind1=" " ind2=" ">
    <subfield code="a">20070330092129-UK</subfield>
  </datafield>
</record>