
<record>
  <controlfield tag="001">6597</controlfield>
  <controlfield tag="005">20131209145608.0</controlfield>
  <datafield tag="024" ind1="8" ind2=" ">
    <subfield code="a">oai:doc.rero.ch:20070330092719-OR</subfield>
    <subfield code="p">dissertation</subfield>
    <subfield code="p">cdu33</subfield>
    <subfield code="p">infonet_economy</subfield>
    <subfield code="z">cdu1</subfield>
    <subfield code="z">preprint</subfield>
    <subfield code="z">hegge</subfield>
    <subfield code="z">cdu16</subfield>
    <subfield code="z">journal</subfield>
    <subfield code="z">book</subfield>
    <subfield code="z">thesis</subfield>
    <subfield code="z">report</subfield>
    <subfield code="z">thesis_urn</subfield>
    <subfield code="z">cdu34</subfield>
    <subfield code="z">postprint</subfield>
  </datafield>
  <datafield tag="035" ind1=" " ind2=" ">
    <subfield code="a">R004366438</subfield>
  </datafield>
  <datafield tag="041" ind1=" " ind2=" ">
    <subfield code="a">fre</subfield>
  </datafield>
  <datafield tag="080" ind1=" " ind2=" ">
    <subfield code="a">33</subfield>
  </datafield>
  <datafield tag="100" ind1=" " ind2=" ">
    <subfield code="a">Böhling, Patrick</subfield>
  </datafield>
  <datafield tag="245" ind1=" " ind2=" ">
    <subfield code="9">fre</subfield>
    <subfield code="a">Analyse de la structure de l'actionnariat de la Banque cantonale de Genève et de sa communication envers ses actionnaires</subfield>
  </datafield>
  <datafield tag="300" ind1=" " ind2=" ">
    <subfield code="a">85 p.</subfield>
  </datafield>
  <datafield tag="502" ind1=" " ind2=" ">
    <subfield code="9">2006</subfield>
    <subfield code="a">Mémoire de diplôme HES : Haute école de gestion de Genève, 2006 ; TDEE 29</subfield>
  </datafield>
  <datafield tag="520" ind1=" " ind2=" ">
    <subfield code="9">fre</subfield>
    <subfield code="a">Depuis leurs créations, les banques cantonales jouent un rôle important dans l’économie locale. Elles soutiennent par exemple les PME, en leur offrant des prestations de qualités. Elles sont détenues par un double actionnariat, les pouvoirs publics qui détiennent souvent une majorité des actions, et les investisseurs privés.  Ce travail a pour but d’analyser la structure de l’actionnariat de la BCGE. Nous verrons, tout d’abord, quel type d’action possède la BCGE et qui les détient. Une fois cette analyse terminée, il s’agira de formuler certaines recommandations, c’est-à-dire s’il est préférable ou non de garder la structure actionnariale actuelle. Ces recommandations seront directement issues de l’analyse faite au préalable. Le deuxième but de ce travail est d’analyser la communication de la BCGE envers les actionnaires. Le travail abordera cette analyse sous le même angle que l’analyse de la structure actionnariale. En effet, il s’agira aussi de déterminer si la communication en vers les actionnaires est satisfaisante et, dans le cas contraire, pallier à la carence communicationnelle éventuelle.  Pour les deux points de ma recherche, ma méthode de travail s’est principalement appuyée sur une comparaison avec d’autres banques cantonales. Ceci afin de regarder les différences entre les établissements et de regarder s’il existait des standards en matière de structure de capital-actions et de communication envers les actionnaires. Pour l’éventuelle future structure du capital-actions de la BCGE, ma recommandation est de ne garder que l’action nominative. Mes recommandations pour les nouveaux canaux de communication envers les actionnaires sont soit des améliorations sur des points existants soit des propositions nouvelles. Je propose les points suivants :  •	Création d’une newsletter pour les actionnaires  •	Création d’une lettre aux actionnaires.  •	Une mise à jour du site internet actuel  •	Création d’un « Club Actionnaires »  •	Création d’un comité de lien entre la banque et les actionnaires Mes recommandations permettront, j’espère, à la BCGE de prendre une décision pour une structure future du capital-actions ainsi que de faire évoluer leur politique de communication envers les actionnaires.</subfield>
  </datafield>
  <datafield tag="695" ind1=" " ind2=" ">
    <subfield code="9">fre</subfield>
    <subfield code="a">actionnaire ; communication ; Banque cantonale de Genève</subfield>
  </datafield>
  <datafield tag="700" ind1=" " ind2=" ">
    <subfield code="a">Fragnière, Emmanuel</subfield>
    <subfield code="e">Dir.</subfield>
  </datafield>
  <datafield tag="700" ind1=" " ind2=" ">
    <subfield code="a">De Saussure, Nicolas</subfield>
    <subfield code="e">Codir.</subfield>
  </datafield>
  <datafield tag="856" ind1="4" ind2=" ">
    <subfield code="f">Travaildedipl_meHEG2006_Version_Finale.doc</subfield>
    <subfield code="q">application/msword</subfield>
    <subfield code="s">2023424</subfield>
    <subfield code="u">http://doc.rero.ch/record/6597/files/Travaildedipl_meHEG2006_Version_Finale.doc</subfield>
    <subfield code="y">order:1</subfield>
    <subfield code="z">Mémoire</subfield>
  </datafield>
  <datafield tag="918" ind1=" " ind2=" ">
    <subfield code="a">Haute école de gestion de Genève</subfield>
    <subfield code="c">Economie d'entreprise</subfield>
    <subfield code="b">Campus de Battelle, Bâtiment F, 7 route de Drize, 1227 Carouge</subfield>
  </datafield>
  <datafield tag="919" ind1=" " ind2=" ">
    <subfield code="a">Haute école de gestion de Genève</subfield>
    <subfield code="b">Genève</subfield>
    <subfield code="d">doc.support@rero.ch</subfield>
  </datafield>
  <datafield tag="980" ind1=" " ind2=" ">
    <subfield code="a">DISSERTATION</subfield>
    <subfield code="b">HEGGE</subfield>
    <subfield code="f">DISS_BACHELOR</subfield>
  </datafield>
  <datafield tag="990" ind1=" " ind2=" ">
    <subfield code="a">20070330092719-OR</subfield>
  </datafield>
</record>