
<record>
  <controlfield tag="001">6596</controlfield>
  <controlfield tag="005">20131209145608.0</controlfield>
  <datafield tag="024" ind1="8" ind2=" ">
    <subfield code="a">oai:doc.rero.ch:20070330094626-QJ</subfield>
    <subfield code="p">dissertation</subfield>
    <subfield code="p">cdu33</subfield>
    <subfield code="p">infonet_economy</subfield>
    <subfield code="z">cdu1</subfield>
    <subfield code="z">preprint</subfield>
    <subfield code="z">hegge</subfield>
    <subfield code="z">cdu16</subfield>
    <subfield code="z">journal</subfield>
    <subfield code="z">book</subfield>
    <subfield code="z">thesis</subfield>
    <subfield code="z">report</subfield>
    <subfield code="z">thesis_urn</subfield>
    <subfield code="z">cdu34</subfield>
    <subfield code="z">postprint</subfield>
  </datafield>
  <datafield tag="035" ind1=" " ind2=" ">
    <subfield code="a">R004366424</subfield>
  </datafield>
  <datafield tag="041" ind1=" " ind2=" ">
    <subfield code="a">fre</subfield>
  </datafield>
  <datafield tag="080" ind1=" " ind2=" ">
    <subfield code="a">33</subfield>
  </datafield>
  <datafield tag="100" ind1=" " ind2=" ">
    <subfield code="a">Baillifard, Christian</subfield>
  </datafield>
  <datafield tag="245" ind1=" " ind2=" ">
    <subfield code="9">fre</subfield>
    <subfield code="a">Analyse de la durabilité de la corrélation entre l'or et le dollar</subfield>
  </datafield>
  <datafield tag="300" ind1=" " ind2=" ">
    <subfield code="a">58 p.</subfield>
  </datafield>
  <datafield tag="502" ind1=" " ind2=" ">
    <subfield code="9">2006</subfield>
    <subfield code="a">Mémoire de diplôme HES : Haute école de gestion de Genève, 2006 ; TDEE 28</subfield>
  </datafield>
  <datafield tag="520" ind1=" " ind2=" ">
    <subfield code="9">fre</subfield>
    <subfield code="a">Dans le cadre de notre travail de diplôme, nous avons choisi de traiter de la durabilité corrélation entre l’or et le dollar. Cela répond à notre intérêt pour les questions de macro économie et cherche à répondre à certaines interrogations qui se posent dans le domaine de la finance et plus particulièrement la gestion de fortune, domaine de notre activité professionnelle. Pour réaliser ce travail nous avons cherché à construire notre raisonnement sur la relation fondamentale qu’il existe entre l’or et le dollar pour ensuite analyser les différents déterminants de chacun des deux éléments étudiés. Nous avons ensuite analysé la corrélation entre l’or et le dollar sur différentes périodes.  L’or et le dollar ont une histoire commune de plus de deux cents ans. Fixée à 20.67 USD l’once en 1900, la parité a évolué jusqu’en 1971, date à laquelle le dollar est déclaré inconvertible. Le dollar est alors la monnaie la plus utilisée dans le monde, ce qui lui confère un rôle particulier puisque la banque centrale américaine doit assurer la prospérité des Etats-Unis tout en fournissant suffisamment de dollars au reste du monde. Dès 1973, le dollar devient une monnaie à taux de change flottant.  Depuis cette date, le billet vert fluctue par rapport aux autres monnaies en fonction de plusieurs facteurs. L’inflation est un déterminant essentiel du dollar, comme pour toute autre monnaie d’ailleurs. La hausse générale et durable des prix est l’expression de la perte de valeur de la monnaie. La variation des taux d’intérêt ainsi que l’état des finances des USA conditionnent l’attractivité du dollar et sa valeur.  L’or, qui a longtemps été utilisé comme monnaie semble jouer aujourd’hui le rôle de valeur refuge contre l’inflation et contre différentes craintes. Mais l’or est aussi recherché pour diverses raisons, notamment dans la joaillerie, et comme source de diversification de portefeuille Notre analyse de corrélation nous a amené à constater que bien que les corrélations sur 12 et 24 mois soient très utilisées, elles ne sont pas d’une grande pertinence. Les fluctuations sont trop importantes, montrant des variations de court terme, alors que la relation entre l’or et le dollar s’inscrit dans la longue durée. Les différents déterminants de l’or et du dollar nous laissent penser que cette corrélation est durable.</subfield>
  </datafield>
  <datafield tag="695" ind1=" " ind2=" ">
    <subfield code="9">fre</subfield>
    <subfield code="a">dollar américain ; or (monnaie)</subfield>
  </datafield>
  <datafield tag="700" ind1=" " ind2=" ">
    <subfield code="a">Ramirez, José</subfield>
    <subfield code="e">Dir.</subfield>
  </datafield>
  <datafield tag="856" ind1="4" ind2=" ">
    <subfield code="f">Corr_lation_or-dollar.doc</subfield>
    <subfield code="q">application/msword</subfield>
    <subfield code="s">7886848</subfield>
    <subfield code="u">http://doc.rero.ch/record/6596/files/Corr_lation_or-dollar.doc</subfield>
    <subfield code="y">order:1</subfield>
    <subfield code="z">Mémoire</subfield>
  </datafield>
  <datafield tag="918" ind1=" " ind2=" ">
    <subfield code="a">Haute école de gestion de Genève</subfield>
    <subfield code="c">Economie d'entreprise</subfield>
    <subfield code="b">Campus de Battelle, Bâtiment F, 7 route de Drize, 1227 Carouge</subfield>
  </datafield>
  <datafield tag="919" ind1=" " ind2=" ">
    <subfield code="a">Haute école de gestion de Genève</subfield>
    <subfield code="b">Genève</subfield>
    <subfield code="d">doc.support@rero.ch</subfield>
  </datafield>
  <datafield tag="980" ind1=" " ind2=" ">
    <subfield code="a">DISSERTATION</subfield>
    <subfield code="b">HEGGE</subfield>
    <subfield code="f">DISS_BACHELOR</subfield>
  </datafield>
  <datafield tag="990" ind1=" " ind2=" ">
    <subfield code="a">20070330094626-QJ</subfield>
  </datafield>
</record>