
<record>
  <controlfield tag="001">6595</controlfield>
  <controlfield tag="005">20131209145608.0</controlfield>
  <datafield tag="024" ind1="8" ind2=" ">
    <subfield code="a">oai:doc.rero.ch:20070330095959-QT</subfield>
    <subfield code="p">dissertation</subfield>
    <subfield code="p">cdu33</subfield>
    <subfield code="p">infonet_economy</subfield>
    <subfield code="z">cdu1</subfield>
    <subfield code="z">preprint</subfield>
    <subfield code="z">hegge</subfield>
    <subfield code="z">cdu16</subfield>
    <subfield code="z">journal</subfield>
    <subfield code="z">book</subfield>
    <subfield code="z">thesis</subfield>
    <subfield code="z">report</subfield>
    <subfield code="z">thesis_urn</subfield>
    <subfield code="z">cdu34</subfield>
    <subfield code="z">postprint</subfield>
  </datafield>
  <datafield tag="035" ind1=" " ind2=" ">
    <subfield code="a">R004366379</subfield>
  </datafield>
  <datafield tag="041" ind1=" " ind2=" ">
    <subfield code="a">fre</subfield>
  </datafield>
  <datafield tag="080" ind1=" " ind2=" ">
    <subfield code="a">33</subfield>
  </datafield>
  <datafield tag="100" ind1=" " ind2=" ">
    <subfield code="a">Achaume, Fabienne</subfield>
  </datafield>
  <datafield tag="245" ind1=" " ind2=" ">
    <subfield code="9">fre</subfield>
    <subfield code="a">Les enjeux d'un taux de TVA unique en Suisse</subfield>
  </datafield>
  <datafield tag="300" ind1=" " ind2=" ">
    <subfield code="a">45 p.</subfield>
  </datafield>
  <datafield tag="502" ind1=" " ind2=" ">
    <subfield code="9">2006</subfield>
    <subfield code="a">Mémoire de diplôme HES : Haute école de gestion de Genève, 2006 ; TDEE 27</subfield>
  </datafield>
  <datafield tag="520" ind1=" " ind2=" ">
    <subfield code="9">fre</subfield>
    <subfield code="a">Dans le cadre du travail de diplôme j’ai choisi de traiter des enjeux d’un taux de TVA unique. La Taxe sur la Valeur ajoutée, régie par la LTVA, a été mise en place depuis maintenant plus de dix ans. Cet impôt prélevé sur la consommation (impôt indirect) est au coeur des préoccupations et de nombreuses critiques lui sont faites. En effet, celle-ci serait devenue trop complexe ce qui engendrerait des problèmes quant à l’application de la loi. Dans cette optique, le Conseil fédéral étudie depuis plusieurs mois la possibilité d’une réforme « radicale » de la TVA. Pour ce faire, différents spécialistes ont été mandatés. Au départ l’objectif était de mieux comprendre les critiques propres à chaque acteur du marché, ensuite dans une deuxième étape les spécialistes ont examiné les alternatives d’une réforme si possible la plus proche d’une TVA dite idéale. Dans le même temps, le Conseil fédéral proposait la mise en place d’un taux de TVA unique qui serait entre cinq et six pour cent. Ceci impliquerait la suppression du taux réduit sur les biens de première nécessité ainsi que la suppression du taux spécial pour le secteur de l’hôtellerie. L’objectif du présent rapport est de mettre en évidence, en premier lieu, les raisons pour lesquelles une réforme est nécessaire pour ensuite évaluer l’impact de celle-ci. Il semblait donc pertinent de comprendre quelle était l’incidence de la TVA sur l’économie, ce qui a permis de voir l’importance de cet impôt. Il faut noter que la TVA représente deux tiers des recettes de la Confédération et qu’elle touche tous les consommateurs. Pour les entreprises la TVA est perçue comme le risque le plus important en matière d’imposition. L’analyse des enjeux économique montre que la TVA suisse possède plusieurs avantages par rapport à ses concurrents de l’Union européenne. Les taux de TVA relativement bas que connaît la Suisse sont un de ces avantages. Cependant, le système de TVA suisse renferme de nombreuses exceptions qui entraînent une taxe occulte à la charge des entreprises ; celle-ci crée une distorsion de la concurrence. En effet, cette taxe ne touchant pas toutes les entreprises d’un même domaine, une inégalité se crée en faisant supporter la charge fiscale à l’entreprise concernée. Celle-ci devant répercuter la charge sur le consommateur final, l’entreprise proposera un prix plus élevé que ses concurrents. Pour améliorer la TVA de nombreux changements devront être mis en place, notamment en ce qui concerne les entreprises. Les décisions liées à l’introduction d’un taux unique sont de toute manière d’ordre politique et la réforme devra être acceptée par le peuple. D’après les recherches et les analyses effectuées, l’introduction du taux unique devrait être écartée. En effet, l’impact sur les ménages à revenus modestes est difficile à calculer certes mais prévisible. De plus, si un taux unique en dessous de 5% était introduit, de nombreuses prestations jusqu’alors non imposées le seraient. A noter que si seul le taux était touché, il s’établirait alors à 6,5%. Par conséquent, l’augmentation de la TVA sur les biens de première nécessité serait de 4,1%1. De plus, certaines entreprises seront touchées en raison de l’éventuel baisse de la demande des consommateurs. Cependant, ce phénomène devrait avoir un impact peu important. En revanche, si les secteurs de la santé, de l’éducation et de la formation étaient frappés par une nouvelle imposition. L’impact sur les ménages serait d’autant plus grand. 1 Différence entre le taux proposé : 6.5% et le taux réduit : 2.4%</subfield>
  </datafield>
  <datafield tag="695" ind1=" " ind2=" ">
    <subfield code="9">fre</subfield>
    <subfield code="a">taxe sur la valeur ajoutée ; Suisse</subfield>
  </datafield>
  <datafield tag="700" ind1=" " ind2=" ">
    <subfield code="a">Naneix, Georg</subfield>
    <subfield code="e">Dir.</subfield>
  </datafield>
  <datafield tag="856" ind1="4" ind2=" ">
    <subfield code="f">FabienneAchaumeTravaildediplome.pdf</subfield>
    <subfield code="q">application/pdf</subfield>
    <subfield code="s">315586</subfield>
    <subfield code="u">http://doc.rero.ch/record/6595/files/FabienneAchaumeTravaildediplome.pdf</subfield>
    <subfield code="y">order:1</subfield>
    <subfield code="z">Mémoire</subfield>
  </datafield>
  <datafield tag="918" ind1=" " ind2=" ">
    <subfield code="a">Haute école de gestion de Genève</subfield>
    <subfield code="c">Economie d'entreprise</subfield>
    <subfield code="b">Campus de Battelle, Bâtiment F, 7 route de Drize, 1227 Carouge</subfield>
  </datafield>
  <datafield tag="919" ind1=" " ind2=" ">
    <subfield code="a">Haute école de gestion de Genève</subfield>
    <subfield code="b">Genève</subfield>
    <subfield code="d">doc.support@rero.ch</subfield>
  </datafield>
  <datafield tag="980" ind1=" " ind2=" ">
    <subfield code="a">DISSERTATION</subfield>
    <subfield code="b">HEGGE</subfield>
    <subfield code="f">DISS_BACHELOR</subfield>
  </datafield>
  <datafield tag="990" ind1=" " ind2=" ">
    <subfield code="a">20070330095959-QT</subfield>
  </datafield>
</record>