
<record>
  <controlfield tag="001">6594</controlfield>
  <controlfield tag="005">20131209145608.0</controlfield>
  <datafield tag="024" ind1="8" ind2=" ">
    <subfield code="a">oai:doc.rero.ch:20070330100604-OE</subfield>
    <subfield code="p">dissertation</subfield>
    <subfield code="p">cdu33</subfield>
    <subfield code="p">infonet_economy</subfield>
    <subfield code="z">cdu1</subfield>
    <subfield code="z">preprint</subfield>
    <subfield code="z">hegge</subfield>
    <subfield code="z">cdu16</subfield>
    <subfield code="z">journal</subfield>
    <subfield code="z">book</subfield>
    <subfield code="z">thesis</subfield>
    <subfield code="z">report</subfield>
    <subfield code="z">thesis_urn</subfield>
    <subfield code="z">cdu34</subfield>
    <subfield code="z">postprint</subfield>
  </datafield>
  <datafield tag="035" ind1=" " ind2=" ">
    <subfield code="a">R004366868</subfield>
  </datafield>
  <datafield tag="041" ind1=" " ind2=" ">
    <subfield code="a">fre</subfield>
  </datafield>
  <datafield tag="080" ind1=" " ind2=" ">
    <subfield code="a">33</subfield>
  </datafield>
  <datafield tag="100" ind1=" " ind2=" ">
    <subfield code="a">Roverano, Daniel</subfield>
  </datafield>
  <datafield tag="245" ind1=" " ind2=" ">
    <subfield code="9">fre</subfield>
    <subfield code="a">Etude sur la situation salariale des étudiant-e-s en emploi</subfield>
    <subfield code="b">équité ou sous-équité ?</subfield>
  </datafield>
  <datafield tag="300" ind1=" " ind2=" ">
    <subfield code="a">73 p.</subfield>
  </datafield>
  <datafield tag="502" ind1=" " ind2=" ">
    <subfield code="9">2006</subfield>
    <subfield code="a">Mémoire de diplôme HES : Haute école de gestion de Genève, 2006 ; TDEE 36</subfield>
  </datafield>
  <datafield tag="520" ind1=" " ind2=" ">
    <subfield code="9">fre</subfield>
    <subfield code="a">Les établissements HES proposent une formation d’économie d’entreprise en emploi. Cette filière permet à l’étudiant de garder un pied dans le milieu professionnel tout en poursuivant des études. Mais à quel prix? L’étudiant en emploi est-il sujet à la sous-équité salariale du fait qu’il étudie encore? Quel est son salaire moyen et médian? A quel niveau se situe sa rémunération selon son secteur d’activité? Voici quelques types de questions qui seront traitées dans ce travail de diplôme. Le thème principal de cette étude se réfère à l’équité en entreprise. Un sujet actuel, auquel toutes les sociétés sont confrontées. Un sujet qui touche à la politique d’entreprise et aux risques qu’elle encoure lorsqu’un employé se trouve en position de sous-équité. Dans un premier temps j’indiquerai à qui s’adresse ce travail ainsi que les raisons qui m’ont poussé à choisir ce sujet. Ensuite arrivera le premier chapitre important qui sera consacré à l’aspect historique mais également théorique relatif à l’équité ; ses sources, son utilisation, ses différentes formes et les risques qui y sont liés. Dans un second temps, les lecteurs pourront découvrir le cadre d’analyse ainsi que la partie principale dédiée à l’analyse des résultats. Le cadre d’analyse se réfère à la méthodologie utilisée afin d’obtenir les données auprès des étudiants et des entreprises, alors que l’analyse des résultats expose en détail s’il existe effectivement sous-équité salariale des étudiants dans leur entreprise, entre eux et en fonction de leur sexe. Il est également question de révéler leur opinion et leur réaction face à une politique d’entreprise pratiquant une quelconque forme de sous-équité. Au terme de ce travail, diverses recommandations seront présentées. D’un côté, des recommandations proposées aux employeurs afin d’améliorer l’équité en entreprise et les sensibiliser sur l’importance de ce sujet. De l’autre, des conseils donnés aux étudiants pour faire face au sentiment de sous-équité et trouver des solutions permettant de diminuer, voire rectifier l’équité dans le meilleur des cas. En résumé, cette étude révèle la position salariale des étudiants en emploi dans leur entreprise et expose la relation qu’ils entretiennent avec leur employeur pendant leur formation supérieure.</subfield>
  </datafield>
  <datafield tag="695" ind1=" " ind2=" ">
    <subfield code="9">fre</subfield>
    <subfield code="a">équité ; étudiant ; formation professionnelle continue ; haute école spécialisée ; salaire</subfield>
  </datafield>
  <datafield tag="700" ind1=" " ind2=" ">
    <subfield code="a">Regamey, Gilles</subfield>
    <subfield code="e">Dir.</subfield>
  </datafield>
  <datafield tag="856" ind1="4" ind2=" ">
    <subfield code="f">Travail_de_dipl_me_Daniel_ROVERANO.doc</subfield>
    <subfield code="q">application/msword</subfield>
    <subfield code="s">4619264</subfield>
    <subfield code="u">http://doc.rero.ch/record/6594/files/Travail_de_dipl_me_Daniel_ROVERANO.doc</subfield>
    <subfield code="y">order:1</subfield>
    <subfield code="z">Mémoire</subfield>
  </datafield>
  <datafield tag="918" ind1=" " ind2=" ">
    <subfield code="a">Haute école de gestion de Genève</subfield>
    <subfield code="c">Economie d'entreprise</subfield>
    <subfield code="b">Campus de Battelle, Bâtiment F, 7 route de Drize, 1227 Carouge</subfield>
  </datafield>
  <datafield tag="919" ind1=" " ind2=" ">
    <subfield code="a">Haute école de gestion de Genève</subfield>
    <subfield code="b">Genève</subfield>
    <subfield code="d">doc.support@rero.ch</subfield>
  </datafield>
  <datafield tag="980" ind1=" " ind2=" ">
    <subfield code="a">DISSERTATION</subfield>
    <subfield code="b">HEGGE</subfield>
    <subfield code="f">DISS_BACHELOR</subfield>
  </datafield>
  <datafield tag="990" ind1=" " ind2=" ">
    <subfield code="a">20070330100604-OE</subfield>
  </datafield>
</record>