
<record>
  <controlfield tag="001">6592</controlfield>
  <controlfield tag="005">20131209145608.0</controlfield>
  <datafield tag="024" ind1="8" ind2=" ">
    <subfield code="a">oai:doc.rero.ch:20070330113040-QX</subfield>
    <subfield code="p">dissertation</subfield>
    <subfield code="p">cdu33</subfield>
    <subfield code="p">infonet_economy</subfield>
    <subfield code="z">cdu1</subfield>
    <subfield code="z">preprint</subfield>
    <subfield code="z">hegge</subfield>
    <subfield code="z">cdu16</subfield>
    <subfield code="z">journal</subfield>
    <subfield code="z">book</subfield>
    <subfield code="z">thesis</subfield>
    <subfield code="z">report</subfield>
    <subfield code="z">thesis_urn</subfield>
    <subfield code="z">cdu34</subfield>
    <subfield code="z">postprint</subfield>
  </datafield>
  <datafield tag="035" ind1=" " ind2=" ">
    <subfield code="a">R004366799</subfield>
  </datafield>
  <datafield tag="041" ind1=" " ind2=" ">
    <subfield code="a">fre</subfield>
  </datafield>
  <datafield tag="080" ind1=" " ind2=" ">
    <subfield code="a">33</subfield>
  </datafield>
  <datafield tag="100" ind1=" " ind2=" ">
    <subfield code="a">Martinez, Lucas</subfield>
  </datafield>
  <datafield tag="245" ind1=" " ind2=" ">
    <subfield code="9">fre</subfield>
    <subfield code="a">Organisation d'une soirée étudiante à l'Arena de Genève et étude de l'outil sponsoring</subfield>
  </datafield>
  <datafield tag="300" ind1=" " ind2=" ">
    <subfield code="a">79 p.</subfield>
  </datafield>
  <datafield tag="502" ind1=" " ind2=" ">
    <subfield code="9">2006</subfield>
    <subfield code="a">Mémoire de diplôme HES : Haute école de gestion de Genève, 2006 ; TDEE 34</subfield>
  </datafield>
  <datafield tag="520" ind1=" " ind2=" ">
    <subfield code="9">fre</subfield>
    <subfield code="a">Ce travail est l’aboutissement de trois ans de soirées étudiantes organisées à Genève. En effet, ce travail constitue la suite logique de mon parcours à la HEG. Pendant ma formation, j’ai organisé diverses soirées car l’événementiel m’attirait particulièrement et pour couronner ces années d’organisations de soirées étudiantes je voulais créer une soirée étudiante à l’Arena sous le nom de La Spéciale qui réunirait 3500 étudiants. Avant de commencer la rédaction de ce travail, j’ai réalisé un dossier sponsoring afin de pouvoir présenter mon projet à diverses sociétés. Après deux mois de recherche et d’organisation, j’ai commencé la rédaction en décrivant comment je m’y étais pris jusqu’à présent. Pendant ma recherche de sponsor, je me suis aperçu que l’outil sponsoring était primordial pour la réalisation des événements et c’est pour cette raison que j’ai voulu approfondir cet instrument marketing. Au vues des résultats obtenus dans l’organisation de La Spéciale, j’ai finalement voulu transmettre mon expérience en rédigeant un guide d’organisation de soirées à grande échelle. Afin de faciliter la lecture, j’ai réparti mon mémoire en trois grandes parties: • Premièrement, une étude de l’outil sponsoring afin de comprendre les différents enjeux du sponsoring moderne qui sont cruciaux pour l’organisation de tout événement. • Deuxièmement, l’exposition des différentes étapes que nous avons menées afin de réaliser La Spéciale. • Finalement, l’élaboration d’un guide de création d’événement axé sur notre soirée à l’Arena afin de permettre aux futurs étudiants d’en faire usage. Cette marche à suivre leur permettra de gagner du temps dans certains aspects de l’organisation et bien évidemment de répondre à leurs questions. La Spéciale n’a malheureusement pas pu voir le jour, car ma recherche de sponsors n’a pas été fructueuse. L’organisation de cette soirée a été décidée trop tardivement et les budgets marketing des sociétés étaient déjà bouclés. Toutefois, grâce aux contacts établis, plusieurs sociétés se sont montrées intéressées pour sponsoriser La Spéciale en 2007. Pour que la soirée de l’année prochaine puisse se dérouler de la meilleure façon, j’ai créé un guide pour la prochaine et première Spéciale. Ce guide ne s’applique pas seulement pour La Spéciale mais aussi pour tout autre événement. Cette expérience a été très bénéfique pour mon futur car je veux continuer dans cette voie dès l’obtention de mon diplôme HEG. En effet, je serai de la partie pour d’organiser La Spéciale l’année prochaine et je suis déjà impatient de voir la soirée se réaliser.</subfield>
  </datafield>
  <datafield tag="695" ind1=" " ind2=" ">
    <subfield code="9">fre</subfield>
    <subfield code="a">événement ; marketing ; sponsoring</subfield>
  </datafield>
  <datafield tag="700" ind1=" " ind2=" ">
    <subfield code="a">Fernandez, Joaquim</subfield>
    <subfield code="e">Dir.</subfield>
  </datafield>
  <datafield tag="856" ind1="4" ind2=" ">
    <subfield code="f">TD_FINAL.pdf</subfield>
    <subfield code="q">application/pdf</subfield>
    <subfield code="s">6054649</subfield>
    <subfield code="u">http://doc.rero.ch/record/6592/files/TD_FINAL.pdf</subfield>
    <subfield code="y">order:1</subfield>
    <subfield code="z">Mémoire</subfield>
  </datafield>
  <datafield tag="918" ind1=" " ind2=" ">
    <subfield code="a">Haute école de gestion de Genève</subfield>
    <subfield code="c">Economie d'entreprise</subfield>
    <subfield code="b">Campus de Battelle, Bâtiment F, 7 route de Drize, 1227 Carouge</subfield>
  </datafield>
  <datafield tag="919" ind1=" " ind2=" ">
    <subfield code="a">Haute école de gestion de Genève</subfield>
    <subfield code="b">Genève</subfield>
    <subfield code="d">doc.support@rero.ch</subfield>
  </datafield>
  <datafield tag="980" ind1=" " ind2=" ">
    <subfield code="a">DISSERTATION</subfield>
    <subfield code="b">HEGGE</subfield>
    <subfield code="f">DISS_BACHELOR</subfield>
  </datafield>
  <datafield tag="990" ind1=" " ind2=" ">
    <subfield code="a">20070330113040-QX</subfield>
  </datafield>
</record>