
<record>
  <controlfield tag="001">6533</controlfield>
  <controlfield tag="005">20130211172853.0</controlfield>
  <datafield tag="024" ind1="8" ind2=" ">
    <subfield code="a">oai:doc.rero.ch:20070315132149-IS</subfield>
    <subfield code="p">dissertation</subfield>
    <subfield code="z">cdu1</subfield>
    <subfield code="z">preprint</subfield>
    <subfield code="z">hegge</subfield>
    <subfield code="z">cdu16</subfield>
    <subfield code="z">journal</subfield>
    <subfield code="z">book</subfield>
    <subfield code="z">cdu02</subfield>
    <subfield code="z">thesis</subfield>
    <subfield code="z">report</subfield>
    <subfield code="z">thesis_urn</subfield>
    <subfield code="z">cdu34</subfield>
    <subfield code="z">postprint</subfield>
  </datafield>
  <datafield tag="035" ind1=" " ind2=" ">
    <subfield code="a">R004357103</subfield>
  </datafield>
  <datafield tag="041" ind1=" " ind2=" ">
    <subfield code="a">fre</subfield>
  </datafield>
  <datafield tag="080" ind1=" " ind2=" ">
    <subfield code="a">02</subfield>
  </datafield>
  <datafield tag="100" ind1=" " ind2=" ">
    <subfield code="a">Beuret, François</subfield>
  </datafield>
  <datafield tag="245" ind1=" " ind2=" ">
    <subfield code="9">fre</subfield>
    <subfield code="a">Vers une gestion globale des archives du Service de probation et d'insertion de l'Etat de Genève</subfield>
  </datafield>
  <datafield tag="300" ind1=" " ind2=" ">
    <subfield code="a">2 vol.</subfield>
  </datafield>
  <datafield tag="502" ind1=" " ind2=" ">
    <subfield code="9">2006</subfield>
    <subfield code="a">Mémoire de diplôme HES : Haute école de gestion de Genève, 2006 ; TDB 2034</subfield>
  </datafield>
  <datafield tag="520" ind1=" " ind2=" ">
    <subfield code="9">fre</subfield>
    <subfield code="a">Le Service de probation et d'insertion de l'Etat de Genève (SPI) a pour principale mission d’aider et de conseiller toute personne ayant été incarcérée. Soucieux d'être en conformité avec les lois genevoises sur la gestion des archives, le SPI a proposé à la Haute école de gestion (HEG) un mandat pour la mise en place d'un système intégré de gestion de ses archives courantes, intermédiaires et définitives. Ce système devait s'appliquer aussi bien aux documents papier qu'électroniques, ces derniers étant enregistrés sur l'espace-réseau du service. Nature et intérêt du mandat : L'essentiel du mandat consistait à élaborer les outils de gestion-clés du records management, soit un plan de classement et un calendrier de conservation. En vue d'uniformiser les pratiques de gestion des documents au sein du service, ce mandat prévoyait également l'établissement de procédures, ainsi que l'organisation de séances de formation pour les utilisateurs. Le mandat proposé par le SPI présente l’intérêt de mettre en application l’ensemble de la démarche de records management, de la création des documents à l'application de leur sort final, de la conception d'outils à la formation du personnel, et d'inclure la gestion des documents électroniques. Par ailleurs, le projet offre un exemple d’adaptation de l’approche théorique du records management à un contexte spécifique, notamment en ce qui concerne la gestion des documents électroniques. Le défi de ce projet résidait dans la conception d’un système facile d’utilisation pour des utilisateurs non spécialistes et prenant en compte l’ensemble des composantes de la gestion des documents au sein du service. La réalisation de ce projet devait également faire bénéficier le SPI des avantages du records management, qui améliore l’efficacité dans la réalisation des activités et permet le contrôle de la masse documentaire.</subfield>
  </datafield>
  <datafield tag="695" ind1=" " ind2=" ">
    <subfield code="9">fre</subfield>
    <subfield code="a">archives - gestion ; archives -- plan de classement ; archives courantes - gestion</subfield>
  </datafield>
  <datafield tag="700" ind1=" " ind2=" ">
    <subfield code="a">Frey, Aline</subfield>
  </datafield>
  <datafield tag="700" ind1=" " ind2=" ">
    <subfield code="a">Pittet, Coralie</subfield>
  </datafield>
  <datafield tag="700" ind1=" " ind2=" ">
    <subfield code="a">Giroux, Alain</subfield>
    <subfield code="e">Dir.</subfield>
  </datafield>
  <datafield tag="700" ind1=" " ind2=" ">
    <subfield code="a">Thorel, Gilles</subfield>
    <subfield code="e">Codir.</subfield>
  </datafield>
  <datafield tag="856" ind1="4" ind2=" ">
    <subfield code="f">service_probation_et_insertion_td_2006.pdf</subfield>
    <subfield code="q">application/pdf</subfield>
    <subfield code="s">247745</subfield>
    <subfield code="u">http://doc.rero.ch/record/6533/files/service_probation_et_insertion_td_2006.pdf</subfield>
    <subfield code="y">order:1</subfield>
    <subfield code="z">Mémoire</subfield>
  </datafield>
  <datafield tag="856" ind1="4" ind2=" ">
    <subfield code="f">service_probation_et_insertion_td_2006_annexes.pdf</subfield>
    <subfield code="q">application/pdf</subfield>
    <subfield code="s">2635745</subfield>
    <subfield code="u">http://doc.rero.ch/record/6533/files/service_probation_et_insertion_td_2006_annexes.pdf</subfield>
    <subfield code="y">order:2</subfield>
    <subfield code="z">Annexes</subfield>
  </datafield>
  <datafield tag="918" ind1=" " ind2=" ">
    <subfield code="a">Haute école de gestion de Genève</subfield>
    <subfield code="c">Information documentaire</subfield>
    <subfield code="b">Campus de Battelle, Bâtiment F, 7 route de Drize, 1227 Carouge</subfield>
  </datafield>
  <datafield tag="919" ind1=" " ind2=" ">
    <subfield code="a">Haute école de gestion de Genève</subfield>
    <subfield code="b">Genève</subfield>
    <subfield code="d">doc.support@rero.ch</subfield>
  </datafield>
  <datafield tag="980" ind1=" " ind2=" ">
    <subfield code="a">DISSERTATION</subfield>
    <subfield code="b">HEGGE</subfield>
    <subfield code="f">DISS_BACHELOR</subfield>
  </datafield>
  <datafield tag="990" ind1=" " ind2=" ">
    <subfield code="a">20070315132149-IS</subfield>
  </datafield>
</record>