
<record>
  <controlfield tag="001">6532</controlfield>
  <controlfield tag="005">20130211172853.0</controlfield>
  <datafield tag="024" ind1="8" ind2=" ">
    <subfield code="a">oai:doc.rero.ch:20070315133323-GC</subfield>
    <subfield code="p">dissertation</subfield>
    <subfield code="z">cdu1</subfield>
    <subfield code="z">preprint</subfield>
    <subfield code="z">hegge</subfield>
    <subfield code="z">cdu16</subfield>
    <subfield code="z">journal</subfield>
    <subfield code="z">book</subfield>
    <subfield code="z">cdu02</subfield>
    <subfield code="z">thesis</subfield>
    <subfield code="z">report</subfield>
    <subfield code="z">thesis_urn</subfield>
    <subfield code="z">cdu34</subfield>
    <subfield code="z">postprint</subfield>
  </datafield>
  <datafield tag="035" ind1=" " ind2=" ">
    <subfield code="a">R004342904</subfield>
  </datafield>
  <datafield tag="041" ind1=" " ind2=" ">
    <subfield code="a">fre</subfield>
  </datafield>
  <datafield tag="080" ind1=" " ind2=" ">
    <subfield code="a">02</subfield>
  </datafield>
  <datafield tag="100" ind1=" " ind2=" ">
    <subfield code="a">Argenzio-Fortuna, Carla</subfield>
  </datafield>
  <datafield tag="245" ind1=" " ind2=" ">
    <subfield code="9">fre</subfield>
    <subfield code="a">Mise en place d'une cartothèque au Muséum d'histoire naturelle de la Ville de Genève</subfield>
    <subfield code="b">propositions</subfield>
  </datafield>
  <datafield tag="300" ind1=" " ind2=" ">
    <subfield code="a">2 vol.</subfield>
  </datafield>
  <datafield tag="502" ind1=" " ind2=" ">
    <subfield code="9">2006</subfield>
    <subfield code="a">Mémoire de diplôme HES : Haute école de gestion de Genève, 2006 ; TDB 2031</subfield>
  </datafield>
  <datafield tag="520" ind1=" " ind2=" ">
    <subfield code="9">fre</subfield>
    <subfield code="a">Le mandat de notre travail de diplôme a consisté, à l’origine, en l’évaluation du fonds cartographique de la bibliothèque du Muséum à partir d’un échantillon représentatif en vue de la mise en place d’une cartothèque professionnelle et de sa mise en valeur. Au cours du temps, il a été modifié en raison de la complexité du sujet cartographique, de l’état actuel du fonds (physique et intellectuel) et du manque de temps à disposition. Des propositions théoriques sous forme de scénarii pour la mise en place de la cartothèque ont donc été élaborées. Le fonds des cartes géologiques et topographiques avait déjà fait l’objet d’un traitement documentaire qui, devenu obsolète, ne correspondait plus aux besoins des utilisateurs. Ainsi le mandat définitif a consisté à: Évaluer le fonds cartographique et élaborer des propositions pour la mise en place d’une cartothèque professionnelle et sa mise en valeur. L’aboutissement pratique de ce travail serait la création d’une cartothèque, gérée par le personnel bibliothécaire en place. Ceci impliquerait une gestion plus suivie et mieux structurée, tant sous l’aspect des acquisitions et du développement du fonds que pour sa mise à disposition (consultation sur place). La valorisation de la collection devrait passer également par une approche promotionnelle auprès des visiteurs de l’institution, en recourant, par exemple, à des expositions thématiques. Nous présentons ici les grandes lignes de notre travail de mémoire, en commençant par le résultat de notre analyse interne pour mieux situer le contexte et établir un état de lieux. Nous présenterons ensuite les points importants résultant de notre analyse externe puis nos propositions, sous forme de scénarii, pour la réalisation du mandat. Nous soumettrons pour finir notre conclusion.</subfield>
  </datafield>
  <datafield tag="695" ind1=" " ind2=" ">
    <subfield code="9">fre</subfield>
    <subfield code="a">cartothèque -- Muséum d'histoire naturelle (Genève). Bibliothèque</subfield>
  </datafield>
  <datafield tag="700" ind1=" " ind2=" ">
    <subfield code="a">Beylard-Ozeroff, Rossana</subfield>
  </datafield>
  <datafield tag="700" ind1=" " ind2=" ">
    <subfield code="a">Montero Barros, Liliam C.</subfield>
  </datafield>
  <datafield tag="700" ind1=" " ind2=" ">
    <subfield code="a">Rezzonico, Ariane</subfield>
    <subfield code="e">Dir.</subfield>
  </datafield>
  <datafield tag="700" ind1=" " ind2=" ">
    <subfield code="a">Mougin, Christelle</subfield>
    <subfield code="e">Codir.</subfield>
  </datafield>
  <datafield tag="856" ind1="4" ind2=" ">
    <subfield code="f">Annexes.pdf</subfield>
    <subfield code="q">application/pdf</subfield>
    <subfield code="s">970588</subfield>
    <subfield code="u">http://doc.rero.ch/record/6532/files/Annexes.pdf</subfield>
    <subfield code="y">order:2</subfield>
    <subfield code="z">Annexes</subfield>
  </datafield>
  <datafield tag="856" ind1="4" ind2=" ">
    <subfield code="f">Cartotheque.pdf</subfield>
    <subfield code="q">application/pdf</subfield>
    <subfield code="s">2714195</subfield>
    <subfield code="u">http://doc.rero.ch/record/6532/files/Cartotheque.pdf</subfield>
    <subfield code="y">order:1</subfield>
    <subfield code="z">Mémoire</subfield>
  </datafield>
  <datafield tag="918" ind1=" " ind2=" ">
    <subfield code="a">Haute école de gestion de Genève</subfield>
    <subfield code="c">Information documentaire</subfield>
    <subfield code="b">Campus de Battelle, Bâtiment F, 7 route de Drize, 1227 Carouge</subfield>
  </datafield>
  <datafield tag="919" ind1=" " ind2=" ">
    <subfield code="a">Haute école de gestion de Genève</subfield>
    <subfield code="b">Genève</subfield>
    <subfield code="d">doc.support@rero.ch</subfield>
  </datafield>
  <datafield tag="980" ind1=" " ind2=" ">
    <subfield code="a">DISSERTATION</subfield>
    <subfield code="b">HEGGE</subfield>
    <subfield code="f">DISS_BACHELOR</subfield>
  </datafield>
  <datafield tag="990" ind1=" " ind2=" ">
    <subfield code="a">20070315133323-GC</subfield>
  </datafield>
</record>