
<record>
  <controlfield tag="001">6531</controlfield>
  <controlfield tag="005">20130211172853.0</controlfield>
  <datafield tag="024" ind1="8" ind2=" ">
    <subfield code="a">oai:doc.rero.ch:20070315134746-LF</subfield>
    <subfield code="p">dissertation</subfield>
    <subfield code="z">cdu1</subfield>
    <subfield code="z">preprint</subfield>
    <subfield code="z">hegge</subfield>
    <subfield code="z">cdu16</subfield>
    <subfield code="z">journal</subfield>
    <subfield code="z">book</subfield>
    <subfield code="z">cdu02</subfield>
    <subfield code="z">thesis</subfield>
    <subfield code="z">report</subfield>
    <subfield code="z">thesis_urn</subfield>
    <subfield code="z">cdu34</subfield>
    <subfield code="z">postprint</subfield>
  </datafield>
  <datafield tag="035" ind1=" " ind2=" ">
    <subfield code="a">R004357003</subfield>
  </datafield>
  <datafield tag="041" ind1=" " ind2=" ">
    <subfield code="a">fre</subfield>
  </datafield>
  <datafield tag="080" ind1=" " ind2=" ">
    <subfield code="a">02</subfield>
  </datafield>
  <datafield tag="100" ind1=" " ind2=" ">
    <subfield code="a">Bennett, Kilolo</subfield>
  </datafield>
  <datafield tag="245" ind1=" " ind2=" ">
    <subfield code="9">fre</subfield>
    <subfield code="a">Fondation Mandat International</subfield>
    <subfield code="b">réorganisation du centre de documentation</subfield>
  </datafield>
  <datafield tag="300" ind1=" " ind2=" ">
    <subfield code="a">2 vol.</subfield>
  </datafield>
  <datafield tag="502" ind1=" " ind2=" ">
    <subfield code="9">2006</subfield>
    <subfield code="a">Mémoire de diplôme HES : Haute école de gestion de Genève, 2006 ; TDB 2029</subfield>
  </datafield>
  <datafield tag="520" ind1=" " ind2=" ">
    <subfield code="9">fre</subfield>
    <subfield code="a">Créée en 1995, Mandat International est une fondation située à Bellevue, à quelques kilomètres de Genève. Sa mission principale consiste à promouvoir la coopération et le dialogue entre les différents acteurs de la scène internationale, par le biais d’une Fondation gérant un centre d’accueil destiné aux délégués non-gouvernementaux de passage à Genève. Elle met à leur disposition un centre d’hébergement, un centre de documentation et de nombreux services : parc informatique, organisation de manifestations, ainsi qu’une abondante offre documentaire. Le centre de documentation La collection du centre de documentation est constituée de plus de 10'000 documents, traitant des nombreuses thématiques en lien avec la scène internationale. Les documents sont de typologies diverses : monographies, périodiques, brochures de présentation, multimédia ou encore dossiers thématiques. Le centre a aussi conçu un site Internet offrant des bases de données, des moteurs de recherche, ainsi qu’une grande palette de liens liés aux thématiques concernées. Naissance du mandat initial Le projet de ce mandat était lié à la perspective d’un déménagement de la Fondation à Genève, avec l’idée de se rapprocher de la place des Nations. Cette perspective représentait une bonne opportunité pour repenser le fonctionnement du centre de documentation. La Fondation a alors mandaté un groupe d’étude pour réfléchir aux pratiques existantes, et mettre en place les outils appropriés, pour remédier aux dysfonctionnements. Notre mandat initial s’articulait autour de différents pôles. Tout d’abord, nous devions faire un état des lieux de l’offre documentaire pour en extraire les points forts et les points faibles. Il fallait ensuite proposer des solutions de traitements intellectuel et physique de la documentation, puis développer les prestations actuelles et mettre en valeur le fonds. Finalement, le mandat comprenait la concrétisation d’une partie des propositions. Clarification des objectifs Après une analyse en profondeur des collections et de nombreux entretiens avec les parties concernées, nous sommes parvenus à préciser les attentes de notre mandant et à fixer des priorités. Nous avons alors axé notre travail sur la réalisation des objectifs suivants : • Élaborer un concept de réorganisation de la documentation, proposer des solutions relatives au traitement physique et intellectuel du fonds : Nous avons choisi un logiciel documentaire et défini des règles de catalogage et de classification. Afin de tester la validité de ces outils, nous avons installé le logiciel et traité un échantillon de la collection afin d’y apporter les remédiations nécessaires. Pour assister le responsable de la documentation et les usagers, nous avons rédigé un guide de paramétrage du logiciel, un manuel de catalogage sommaire ainsi qu’un guide d’utilisation de l’OPAC. Concernant le traitement physique de la collection, nous avons créé un document édictant conseils et principes quant au système de cotation et à la mise en espace. • Mettre en place une politique documentaire : Nous avons élaboré la charte documentaire et des politiques d’acquisition et de désherbage des documents. En plus de ces politiques formalisées, nous avons créé un guide de procédures d’acquisition recensant les sources potentielles d’acquisitions électroniques et papier. • Proposer l’engagement d’un professionnel : Engager un spécialiste en information documentaire permettrait de professionnaliser les pratiques du centre. Nous avons estimé le temps nécessaire pour la mise en place de nos propositions afin d’évaluer le taux de travail idéal et les coûts qu’engendrerait l’engagement d’un documentaliste. • Mettre en valeur le centre de documentation : Le centre de documentation souffre d’un manque d’identité auprès des délégués, qui peinent à le différencier du reste de la Fondation. Afin d’améliorer cet aspect, nous avons tenté de clarifier ses esponsabilités en redéfinissant son cahier des charges. Nous avons également mené une réflexion autour du site web, dans le but d’améliorer sa visibilité.</subfield>
  </datafield>
  <datafield tag="695" ind1=" " ind2=" ">
    <subfield code="9">fre</subfield>
    <subfield code="a">centre de documentation ; organisation (structure)</subfield>
  </datafield>
  <datafield tag="700" ind1=" " ind2=" ">
    <subfield code="a">Blanc, Xavier</subfield>
  </datafield>
  <datafield tag="700" ind1=" " ind2=" ">
    <subfield code="a">Henchoz, Murielle</subfield>
  </datafield>
  <datafield tag="700" ind1=" " ind2=" ">
    <subfield code="a">Madinier, Hélène</subfield>
    <subfield code="e">Dir.</subfield>
  </datafield>
  <datafield tag="700" ind1=" " ind2=" ">
    <subfield code="a">Fakhfakh, Abdullatif</subfield>
    <subfield code="e">Codir.</subfield>
  </datafield>
  <datafield tag="856" ind1="4" ind2=" ">
    <subfield code="f">Volume_1.pdf</subfield>
    <subfield code="q">application/pdf</subfield>
    <subfield code="s">1283603</subfield>
    <subfield code="u">http://doc.rero.ch/record/6531/files/Volume_1.pdf</subfield>
    <subfield code="y">order:1</subfield>
    <subfield code="z">Mémoire</subfield>
  </datafield>
  <datafield tag="856" ind1="4" ind2=" ">
    <subfield code="f">Volume_2.pdf</subfield>
    <subfield code="q">application/pdf</subfield>
    <subfield code="s">2336045</subfield>
    <subfield code="u">http://doc.rero.ch/record/6531/files/Volume_2.pdf</subfield>
    <subfield code="y">order:2</subfield>
    <subfield code="z">Annexes</subfield>
  </datafield>
  <datafield tag="918" ind1=" " ind2=" ">
    <subfield code="a">Haute école de gestion de Genève</subfield>
    <subfield code="c">Information documentaire</subfield>
    <subfield code="b">Campus de Battelle, Bâtiment F, 7 route de Drize, 1227 Carouge</subfield>
  </datafield>
  <datafield tag="919" ind1=" " ind2=" ">
    <subfield code="a">Haute école de gestion de Genève</subfield>
    <subfield code="b">Genève</subfield>
    <subfield code="d">doc.support@rero.ch</subfield>
  </datafield>
  <datafield tag="980" ind1=" " ind2=" ">
    <subfield code="a">DISSERTATION</subfield>
    <subfield code="b">HEGGE</subfield>
    <subfield code="f">DISS_BACHELOR</subfield>
  </datafield>
  <datafield tag="990" ind1=" " ind2=" ">
    <subfield code="a">20070315134746-LF</subfield>
  </datafield>
</record>