
<record>
  <controlfield tag="001">6530</controlfield>
  <controlfield tag="005">20130211172853.0</controlfield>
  <datafield tag="024" ind1="8" ind2=" ">
    <subfield code="a">oai:doc.rero.ch:20070315141517-HP</subfield>
    <subfield code="p">dissertation</subfield>
    <subfield code="z">cdu1</subfield>
    <subfield code="z">preprint</subfield>
    <subfield code="z">hegge</subfield>
    <subfield code="z">cdu16</subfield>
    <subfield code="z">journal</subfield>
    <subfield code="z">book</subfield>
    <subfield code="z">cdu02</subfield>
    <subfield code="z">thesis</subfield>
    <subfield code="z">report</subfield>
    <subfield code="z">thesis_urn</subfield>
    <subfield code="z">cdu34</subfield>
    <subfield code="z">postprint</subfield>
  </datafield>
  <datafield tag="035" ind1=" " ind2=" ">
    <subfield code="a">R004356980</subfield>
  </datafield>
  <datafield tag="041" ind1=" " ind2=" ">
    <subfield code="a">fre</subfield>
  </datafield>
  <datafield tag="080" ind1=" " ind2=" ">
    <subfield code="a">02</subfield>
  </datafield>
  <datafield tag="100" ind1=" " ind2=" ">
    <subfield code="a">Chabloz, Julie</subfield>
  </datafield>
  <datafield tag="245" ind1=" " ind2=" ">
    <subfield code="9">fre</subfield>
    <subfield code="a">La doc ça change LAVI</subfield>
    <subfield code="b">élaboration d'une structure documentaire pour le Centre de consultation LAVI</subfield>
  </datafield>
  <datafield tag="300" ind1=" " ind2=" ">
    <subfield code="a">2 vol.</subfield>
  </datafield>
  <datafield tag="502" ind1=" " ind2=" ">
    <subfield code="9">2006</subfield>
    <subfield code="a">Mémoire de diplôme HES : Haute école de gestion de Genève, 2006 ; TDB 2028</subfield>
  </datafield>
  <datafield tag="520" ind1=" " ind2=" ">
    <subfield code="9">fre</subfield>
    <subfield code="a">Ce projet, mené dans le cadre du travail de diplôme à la Haute école de gestion de Genève en information documentaire, a consisté à la réorganisation du fonds documentaire du Centre de consultation LAVI. Cette association de droit privé offre un soutien psychosocial et une aide matérielle aux personnes victimes d’infractions portant atteinte à leur intégrité physique, psychique ou sexuelle. Dans la première partie de notre travail, nous avons étudié les différentes solutions possibles pour améliorer la gestion de la Médiathèque1 du Centre selon les besoins du personnel et en respectant la structure d’origine. Suite aux résultats de cette analyse, nous avons traité physiquement une partie des documents. Afin d’assurer un avenir à la Médiathèque, nous avons rédigé quelques recommandations et élaboré des guides à l’intention des utilisatrices et des personnes chargées de la gestion du fonds documentaire. La problématique de ce travail consistait à mettre en place une structure documentaire opérationnelle dans une institution ayant peu de moyens financiers et étant gérée par des non professionnels en information documentaire. La spécificité du fonds de la Médiathèque est son champ documentaire. En effet, il est très hétérogène et peut être spécialisé ou généraliste. De plus, aucun document n’a été éliminé depuis la création du Centre et les collaboratrices ont été rapidement submergées par l’information. L’accès aux documents était donc devenu particulièrement complexe. Notre projet a débuté avec une approche théorique qui nous a permis d’asseoir notre démarche pratique.</subfield>
  </datafield>
  <datafield tag="695" ind1=" " ind2=" ">
    <subfield code="9">fre</subfield>
    <subfield code="a">centre de documentation ; organisation (structure) ; Centre de consultation pour victimes d'infractions LAVI (Genève)</subfield>
  </datafield>
  <datafield tag="700" ind1=" " ind2=" ">
    <subfield code="a">Nepa, Claudia</subfield>
  </datafield>
  <datafield tag="700" ind1=" " ind2=" ">
    <subfield code="a">Torrent, Fanny</subfield>
  </datafield>
  <datafield tag="700" ind1=" " ind2=" ">
    <subfield code="a">Muet, Florence</subfield>
    <subfield code="e">Dir.</subfield>
  </datafield>
  <datafield tag="700" ind1=" " ind2=" ">
    <subfield code="a">Eberle, Sarah</subfield>
    <subfield code="e">Codir.</subfield>
  </datafield>
  <datafield tag="700" ind1=" " ind2=" ">
    <subfield code="a">Fry, Colette</subfield>
    <subfield code="e">Codir.</subfield>
  </datafield>
  <datafield tag="700" ind1=" " ind2=" ">
    <subfield code="a">Gialdi Ineichen, Raffaella</subfield>
    <subfield code="e">Codir.</subfield>
  </datafield>
  <datafield tag="700" ind1=" " ind2=" ">
    <subfield code="a">Gigandet, Michèle</subfield>
    <subfield code="e">Codir.</subfield>
  </datafield>
  <datafield tag="700" ind1=" " ind2=" ">
    <subfield code="a">Lucke, Alice</subfield>
    <subfield code="e">Codir.</subfield>
  </datafield>
  <datafield tag="856" ind1="4" ind2=" ">
    <subfield code="f">TD-LAVI.PDF</subfield>
    <subfield code="q">application/pdf</subfield>
    <subfield code="s">475250</subfield>
    <subfield code="u">http://doc.rero.ch/record/6530/files/TD-LAVI.PDF</subfield>
    <subfield code="y">order:1</subfield>
    <subfield code="z">Mémoire</subfield>
  </datafield>
  <datafield tag="856" ind1="4" ind2=" ">
    <subfield code="f">TD-LAVI_annexes-FULL.pdf</subfield>
    <subfield code="q">application/pdf</subfield>
    <subfield code="s">2198109</subfield>
    <subfield code="u">http://doc.rero.ch/record/6530/files/TD-LAVI_annexes-FULL.pdf</subfield>
    <subfield code="y">order:2</subfield>
    <subfield code="z">Annexes</subfield>
  </datafield>
  <datafield tag="918" ind1=" " ind2=" ">
    <subfield code="a">Haute école de gestion de Genève</subfield>
    <subfield code="c">Information documentaire</subfield>
    <subfield code="b">Campus de Battelle, Bâtiment F, 7 route de Drize, 1227 Carouge</subfield>
  </datafield>
  <datafield tag="919" ind1=" " ind2=" ">
    <subfield code="a">Haute école de gestion de Genève</subfield>
    <subfield code="b">Genève</subfield>
    <subfield code="d">doc.support@rero.ch</subfield>
  </datafield>
  <datafield tag="980" ind1=" " ind2=" ">
    <subfield code="a">DISSERTATION</subfield>
    <subfield code="b">HEGGE</subfield>
    <subfield code="f">DISS_BACHELOR</subfield>
  </datafield>
  <datafield tag="990" ind1=" " ind2=" ">
    <subfield code="a">20070315141517-HP</subfield>
  </datafield>
</record>