
<record>
  <controlfield tag="001">6529</controlfield>
  <controlfield tag="005">20130211172853.0</controlfield>
  <datafield tag="024" ind1="8" ind2=" ">
    <subfield code="a">oai:doc.rero.ch:20070315142640-JF</subfield>
    <subfield code="p">dissertation</subfield>
    <subfield code="z">cdu1</subfield>
    <subfield code="z">preprint</subfield>
    <subfield code="z">hegge</subfield>
    <subfield code="z">cdu16</subfield>
    <subfield code="z">journal</subfield>
    <subfield code="z">book</subfield>
    <subfield code="z">cdu02</subfield>
    <subfield code="z">thesis</subfield>
    <subfield code="z">report</subfield>
    <subfield code="z">thesis_urn</subfield>
    <subfield code="z">cdu34</subfield>
    <subfield code="z">postprint</subfield>
  </datafield>
  <datafield tag="035" ind1=" " ind2=" ">
    <subfield code="a">R004357053</subfield>
  </datafield>
  <datafield tag="041" ind1=" " ind2=" ">
    <subfield code="a">fre</subfield>
  </datafield>
  <datafield tag="080" ind1=" " ind2=" ">
    <subfield code="a">02</subfield>
  </datafield>
  <datafield tag="100" ind1=" " ind2=" ">
    <subfield code="a">Bugnon, Nicolas</subfield>
  </datafield>
  <datafield tag="245" ind1=" " ind2=" ">
    <subfield code="9">fre</subfield>
    <subfield code="a">RAS on the web</subfield>
    <subfield code="b">élaboration d'une stratégie de diffusion et création du site web du Service Records et Archives de l'OMS</subfield>
  </datafield>
  <datafield tag="300" ind1=" " ind2=" ">
    <subfield code="a">136 p.</subfield>
  </datafield>
  <datafield tag="502" ind1=" " ind2=" ">
    <subfield code="9">2006</subfield>
    <subfield code="a">Mémoire de diplôme HES : Haute école de gestion de Genève, 2006 ; TDB 2032</subfield>
  </datafield>
  <datafield tag="520" ind1=" " ind2=" ">
    <subfield code="9">fre</subfield>
    <subfield code="a">La diffusion des archives et Internet : deux concepts différents, qui cependant tendent à se rejoindre. Ce travail, basé sur un mandat proposé par le service Records et Archives (RAS) de l'Organisation mondiale de la Santé (OMS), se situe au carrefour de ces deux domaines. RAS, service récemment professionnalisé, se trouve dans une phase d'inventaire de ses fonds d'archives et ne disposait d'aucun support de communication externe. Malgré cela, il a émis la volonté de s'ouvrir davantage au monde extérieur et à la recherche historique. Le mandat qui nous a été confié consistait donc, d'une part, à élaborer une stratégie de diffusion des archives - pour améliorer son offre de services et mettre en valeur la richesse de ses fonds - et, d'autre part, à créer un site web servant à la fois d'outil de diffusion et de source informationnelle sur les services offerts par RAS. Partis d'une vision globale sur l'état actuel de la diffusion dans le monde des archives, nous avons concentré nos recherches sur le thème encore relativement peu exploré de la diffusion des archives sur Internet. D'emblée, en tant qu'outil de recherche privilégié de la plupart des chercheurs, Internet ressort effectivement comme le moyen le plus adapté pour la diffusion et la mise en valeur des fonds d'archives. Découlant directement du mandat, les objectifs de notre travail étaient de définir les besoins de diffusion des archives pour les chercheurs externes ; d'élaborer une stratégie de diffusion spécifique à RAS ; d'identifier les possibilités et moyens de mise en valeur des fonds et documents de RAS ; pour finalement réaliser un site web concrétisant la stratégie de diffusion. Pour les atteindre, notre travail s'est déroulé en plusieurs étapes, de l'analyse des besoins aux recommandations concernant le futur du produit réalisé.</subfield>
  </datafield>
  <datafield tag="695" ind1=" " ind2=" ">
    <subfield code="9">fre</subfield>
    <subfield code="a">archives - diffusion ; Organisation mondiale de la santéarchives ; site World Wide Web</subfield>
  </datafield>
  <datafield tag="700" ind1=" " ind2=" ">
    <subfield code="a">Erard, Reynald</subfield>
  </datafield>
  <datafield tag="700" ind1=" " ind2=" ">
    <subfield code="a">Filippozzi, Lorraine</subfield>
  </datafield>
  <datafield tag="700" ind1=" " ind2=" ">
    <subfield code="a">Giroux, Alain</subfield>
    <subfield code="e">Dir.</subfield>
  </datafield>
  <datafield tag="700" ind1=" " ind2=" ">
    <subfield code="a">Kynaston, Donna</subfield>
    <subfield code="e">Codir.</subfield>
  </datafield>
  <datafield tag="700" ind1=" " ind2=" ">
    <subfield code="a">Villemin, Marie</subfield>
    <subfield code="e">Codir.</subfield>
  </datafield>
  <datafield tag="700" ind1=" " ind2=" ">
    <subfield code="a">Whitfield-Pons, Claire</subfield>
    <subfield code="e">Codir.</subfield>
  </datafield>
  <datafield tag="856" ind1="4" ind2=" ">
    <subfield code="f">RASontheWeb_final.pdf</subfield>
    <subfield code="q">application/pdf</subfield>
    <subfield code="s">1212024</subfield>
    <subfield code="u">http://doc.rero.ch/record/6529/files/RASontheWeb_final.pdf</subfield>
    <subfield code="y">order:1</subfield>
    <subfield code="z">Mémoire</subfield>
  </datafield>
  <datafield tag="918" ind1=" " ind2=" ">
    <subfield code="a">Haute école de gestion de Genève</subfield>
    <subfield code="c">Information documentaire</subfield>
    <subfield code="b">Campus de Battelle, Bâtiment F, 7 route de Drize, 1227 Carouge</subfield>
  </datafield>
  <datafield tag="919" ind1=" " ind2=" ">
    <subfield code="a">Haute école de gestion de Genève</subfield>
    <subfield code="b">Genève</subfield>
    <subfield code="d">doc.support@rero.ch</subfield>
  </datafield>
  <datafield tag="980" ind1=" " ind2=" ">
    <subfield code="a">DISSERTATION</subfield>
    <subfield code="b">HEGGE</subfield>
    <subfield code="f">DISS_BACHELOR</subfield>
  </datafield>
  <datafield tag="990" ind1=" " ind2=" ">
    <subfield code="a">20070315142640-JF</subfield>
  </datafield>
</record>