
<record>
  <controlfield tag="001">6528</controlfield>
  <controlfield tag="005">20130211172853.0</controlfield>
  <datafield tag="024" ind1="8" ind2=" ">
    <subfield code="a">oai:doc.rero.ch:20070315144918-RO</subfield>
    <subfield code="p">dissertation</subfield>
    <subfield code="z">cdu1</subfield>
    <subfield code="z">preprint</subfield>
    <subfield code="z">hegge</subfield>
    <subfield code="z">cdu16</subfield>
    <subfield code="z">journal</subfield>
    <subfield code="z">book</subfield>
    <subfield code="z">cdu02</subfield>
    <subfield code="z">thesis</subfield>
    <subfield code="z">report</subfield>
    <subfield code="z">thesis_urn</subfield>
    <subfield code="z">cdu34</subfield>
    <subfield code="z">postprint</subfield>
  </datafield>
  <datafield tag="035" ind1=" " ind2=" ">
    <subfield code="a">R004355704</subfield>
  </datafield>
  <datafield tag="041" ind1=" " ind2=" ">
    <subfield code="a">fre</subfield>
  </datafield>
  <datafield tag="080" ind1=" " ind2=" ">
    <subfield code="a">02</subfield>
  </datafield>
  <datafield tag="100" ind1=" " ind2=" ">
    <subfield code="a">Bui, Céline</subfield>
  </datafield>
  <datafield tag="245" ind1=" " ind2=" ">
    <subfield code="9">fre</subfield>
    <subfield code="a">Etude des pratiques documentaires des usagers</subfield>
    <subfield code="b">quels services pour la bibliothèque de demain ?</subfield>
  </datafield>
  <datafield tag="300" ind1=" " ind2=" ">
    <subfield code="a">153 p.</subfield>
  </datafield>
  <datafield tag="502" ind1=" " ind2=" ">
    <subfield code="9">2006</subfield>
    <subfield code="a">Mémoire de diplôme HES : Haute école de gestion de Genève, 2006 ; TDB 2025</subfield>
  </datafield>
  <datafield tag="520" ind1=" " ind2=" ">
    <subfield code="9">fre</subfield>
    <subfield code="a">La mise à disposition de services performants et diversifiés répondant aux besoins des usagers dans une période de changement (développement constant de l'électronique, Open Access, bouleversement de la chaîne éditoriale, etc.) est l’un des principaux objectifs pour une bibliothèque universitaire dont la finalité est de promouvoir l’enseignement et la recherche. Ses utilisateurs constituant la raison d’être d’une bibliothèque, il est primordial de bien connaître son public et ses exigences en matière de prestations et services afin de leur offrir des services aussi personnalisés que possible. Mandatées par Madame Anne-Christine Robert, coordinatrice des bibliothèques de la Faculté des Sciences de l’Université de Genève, notre tâche est de mener une étude sur les habitudes et comportements documentaires des différents usagers et d’élaborer des propositions de développement pour l’avenir de ces sept institutions. Cette étude consiste à aller à la rencontre des utilisateurs afin de procurer des éléments utiles à l’élaboration d’une nouvelle politique globale des prestations des bibliothèques à moyen terme (vision à 5 ans).</subfield>
  </datafield>
  <datafield tag="695" ind1=" " ind2=" ">
    <subfield code="9">fre</subfield>
    <subfield code="a">bibliothèque universitaire ; usager ; Bibliothèques de la Faculté des sciences (Genève) ; restructuration</subfield>
  </datafield>
  <datafield tag="700" ind1=" " ind2=" ">
    <subfield code="a">Lehner, Susanne</subfield>
  </datafield>
  <datafield tag="700" ind1=" " ind2=" ">
    <subfield code="a">Moresi, Nadia</subfield>
  </datafield>
  <datafield tag="700" ind1=" " ind2=" ">
    <subfield code="a">Muet, Florence</subfield>
    <subfield code="e">Dir.</subfield>
  </datafield>
  <datafield tag="700" ind1=" " ind2=" ">
    <subfield code="a">Robert, Anne-Christine</subfield>
    <subfield code="e">Codir.</subfield>
  </datafield>
  <datafield tag="856" ind1="4" ind2=" ">
    <subfield code="f">memoire_TD_Facult_SciencesGE.pdf</subfield>
    <subfield code="q">application/pdf</subfield>
    <subfield code="s">1010857</subfield>
    <subfield code="u">http://doc.rero.ch/record/6528/files/memoire_TD_Facult_SciencesGE.pdf</subfield>
    <subfield code="y">order:1</subfield>
    <subfield code="z">Mémoire</subfield>
  </datafield>
  <datafield tag="918" ind1=" " ind2=" ">
    <subfield code="a">Haute école de gestion de Genève</subfield>
    <subfield code="c">Information documentaire</subfield>
    <subfield code="b">Campus de Battelle, Bâtiment F, 7 route de Drize, 1227 Carouge</subfield>
  </datafield>
  <datafield tag="919" ind1=" " ind2=" ">
    <subfield code="a">Haute école de gestion de Genève</subfield>
    <subfield code="b">Genève</subfield>
    <subfield code="d">doc.support@rero.ch</subfield>
  </datafield>
  <datafield tag="980" ind1=" " ind2=" ">
    <subfield code="a">DISSERTATION</subfield>
    <subfield code="b">HEGGE</subfield>
    <subfield code="f">DISS_BACHELOR</subfield>
  </datafield>
  <datafield tag="990" ind1=" " ind2=" ">
    <subfield code="a">20070315144918-RO</subfield>
  </datafield>
</record>