
<record>
  <controlfield tag="001">6527</controlfield>
  <controlfield tag="005">20130211172853.0</controlfield>
  <datafield tag="024" ind1="8" ind2=" ">
    <subfield code="a">oai:doc.rero.ch:20070315145705-AF</subfield>
    <subfield code="p">dissertation</subfield>
    <subfield code="z">cdu1</subfield>
    <subfield code="z">preprint</subfield>
    <subfield code="z">hegge</subfield>
    <subfield code="z">cdu16</subfield>
    <subfield code="z">journal</subfield>
    <subfield code="z">book</subfield>
    <subfield code="z">cdu02</subfield>
    <subfield code="z">thesis</subfield>
    <subfield code="z">report</subfield>
    <subfield code="z">thesis_urn</subfield>
    <subfield code="z">cdu34</subfield>
    <subfield code="z">postprint</subfield>
  </datafield>
  <datafield tag="035" ind1=" " ind2=" ">
    <subfield code="a">R004355627</subfield>
  </datafield>
  <datafield tag="041" ind1=" " ind2=" ">
    <subfield code="a">fre</subfield>
  </datafield>
  <datafield tag="080" ind1=" " ind2=" ">
    <subfield code="a">02</subfield>
  </datafield>
  <datafield tag="100" ind1=" " ind2=" ">
    <subfield code="a">Alvarez, Montserrat</subfield>
  </datafield>
  <datafield tag="245" ind1=" " ind2=" ">
    <subfield code="9">fre</subfield>
    <subfield code="a">De la danse à la documentation</subfield>
    <subfield code="b">organisation, gestion et mise à disposition de la collection de l'ADC</subfield>
  </datafield>
  <datafield tag="300" ind1=" " ind2=" ">
    <subfield code="a">2 vol.</subfield>
  </datafield>
  <datafield tag="502" ind1=" " ind2=" ">
    <subfield code="9">2006</subfield>
    <subfield code="a">Mémoire de diplôme HES : Haute école de gestion de Genève, 2006 ; TDB 2023</subfield>
  </datafield>
  <datafield tag="520" ind1=" " ind2=" ">
    <subfield code="9">fre</subfield>
    <subfield code="a">L’association pour la danse contemporaine est basée à Genève. Elle existe depuis 1986 et a pour mission principale de promouvoir la danse contemporaine à Genève. L’association emploie trois collaborateurs qui ont regroupé un fonds documentaire en lien avec la danse. Celui-ci est constitué d’environ 350 monographies, 340 cassettes vidéo, 8 titres de périodiques ainsi que des dossiers documentaires, des photographies et des affiches. Mises à part les cassettes vidéo, qui ont fait l’objet d’un classement sommaire, la documentation de l’adc n’a jamais été organisée. Ce fonds nécessitait une structure, afin de favoriser le repérage de l’information et son exploitation par les collaborateurs de l’adc et les personnes extérieures. Les objectifs généraux ont été reformulés comme suit : • Identifier précisément les besoins documentaires des utilisateurs • Évaluer la structure documentaire • Proposer un modèle concret de centre d’information et de documentation et son concept d’organisation • Effectuer une étude de faisabilité concernant la migration des vidéos vers un support optique (DVD) • Assurer la promotion du centre d’information et de documentation auprès des utilisateurs. Cette étape nous a permis de clarifier les attentes du mandant et d’identifier divers types de contraintes financières, structurelles, organisationnelles dont il fallait tenir compte pour le choix des solutions à mettre en place. Elle nous a servi de point de départ pour notre travail.</subfield>
  </datafield>
  <datafield tag="695" ind1=" " ind2=" ">
    <subfield code="9">fre</subfield>
    <subfield code="a">centre de documentation ; organisation (structure) ; Association pour la danse contemporaine (Genève)</subfield>
  </datafield>
  <datafield tag="700" ind1=" " ind2=" ">
    <subfield code="a">Otz Longo, Isabelle</subfield>
  </datafield>
  <datafield tag="700" ind1=" " ind2=" ">
    <subfield code="a">Vaucher, Andrée-Anne</subfield>
  </datafield>
  <datafield tag="700" ind1=" " ind2=" ">
    <subfield code="a">Rezzonico, Ariane</subfield>
    <subfield code="e">Dir.</subfield>
  </datafield>
  <datafield tag="700" ind1=" " ind2=" ">
    <subfield code="a">Ratzé, Claude</subfield>
    <subfield code="e">Codir.</subfield>
  </datafield>
  <datafield tag="700" ind1=" " ind2=" ">
    <subfield code="a">Davier, Anne</subfield>
    <subfield code="e">Codir.</subfield>
  </datafield>
  <datafield tag="700" ind1=" " ind2=" ">
    <subfield code="a">Simon-Vermot, Nicole</subfield>
    <subfield code="e">Codir.</subfield>
  </datafield>
  <datafield tag="700" ind1=" " ind2=" ">
    <subfield code="a">Stauffer, Béatrice</subfield>
    <subfield code="e">Codir.</subfield>
  </datafield>
  <datafield tag="856" ind1="4" ind2=" ">
    <subfield code="f">adc_TD_HEG_2006_annexes1.pdf</subfield>
    <subfield code="q">application/pdf</subfield>
    <subfield code="s">856126</subfield>
    <subfield code="u">http://doc.rero.ch/record/6527/files/adc_TD_HEG_2006_annexes1.pdf</subfield>
    <subfield code="y">order:2</subfield>
    <subfield code="z">Annexes</subfield>
  </datafield>
  <datafield tag="856" ind1="4" ind2=" ">
    <subfield code="f">adc_TD_HEG_2006_final1.pdf</subfield>
    <subfield code="q">application/pdf</subfield>
    <subfield code="s">481243</subfield>
    <subfield code="u">http://doc.rero.ch/record/6527/files/adc_TD_HEG_2006_final1.pdf</subfield>
    <subfield code="y">order:1</subfield>
    <subfield code="z">Mémoire</subfield>
  </datafield>
  <datafield tag="918" ind1=" " ind2=" ">
    <subfield code="a">Haute école de gestion de Genève</subfield>
    <subfield code="c">Information documentaire</subfield>
    <subfield code="b">Campus de Battelle, Bâtiment F, 7 route de Drize, 1227 Carouge</subfield>
  </datafield>
  <datafield tag="919" ind1=" " ind2=" ">
    <subfield code="a">Haute école de gestion de Genève</subfield>
    <subfield code="b">Genève</subfield>
    <subfield code="d">doc.support@rero.ch</subfield>
  </datafield>
  <datafield tag="980" ind1=" " ind2=" ">
    <subfield code="a">DISSERTATION</subfield>
    <subfield code="b">HEGGE</subfield>
    <subfield code="f">DISS_BACHELOR</subfield>
  </datafield>
  <datafield tag="990" ind1=" " ind2=" ">
    <subfield code="a">20070315145705-AF</subfield>
  </datafield>
</record>