
<record>
  <controlfield tag="001">6518</controlfield>
  <controlfield tag="005">20130211172853.0</controlfield>
  <datafield tag="024" ind1="8" ind2=" ">
    <subfield code="a">oai:doc.rero.ch:20070314150307-QX</subfield>
    <subfield code="p">dissertation</subfield>
    <subfield code="z">cdu1</subfield>
    <subfield code="z">preprint</subfield>
    <subfield code="z">hegge</subfield>
    <subfield code="z">cdu16</subfield>
    <subfield code="z">journal</subfield>
    <subfield code="z">book</subfield>
    <subfield code="z">cdu02</subfield>
    <subfield code="z">thesis</subfield>
    <subfield code="z">report</subfield>
    <subfield code="z">thesis_urn</subfield>
    <subfield code="z">cdu34</subfield>
    <subfield code="z">postprint</subfield>
  </datafield>
  <datafield tag="035" ind1=" " ind2=" ">
    <subfield code="a">R004357072</subfield>
  </datafield>
  <datafield tag="041" ind1=" " ind2=" ">
    <subfield code="a">fre</subfield>
  </datafield>
  <datafield tag="080" ind1=" " ind2=" ">
    <subfield code="a">02</subfield>
  </datafield>
  <datafield tag="100" ind1=" " ind2=" ">
    <subfield code="a">Cattin, Séverine</subfield>
  </datafield>
  <datafield tag="245" ind1=" " ind2=" ">
    <subfield code="9">fre</subfield>
    <subfield code="a">Gérer l'information pour devenir sage</subfield>
    <subfield code="b">mise en place d'un espace documentaire au sein du SASJ (Service des actions sociales et jeunesse de Meyrin)</subfield>
  </datafield>
  <datafield tag="300" ind1=" " ind2=" ">
    <subfield code="a">2 vol.</subfield>
  </datafield>
  <datafield tag="502" ind1=" " ind2=" ">
    <subfield code="9">2006</subfield>
    <subfield code="a">Mémoire de diplôme HES : Haute école de gestion de Genève, 2006 ; TDB 2033</subfield>
  </datafield>
  <datafield tag="520" ind1=" " ind2=" ">
    <subfield code="9">fre</subfield>
    <subfield code="a">Notre travail de diplôme consiste à mettre en place un espace documentaire au sein du Service des actions sociale et jeunesse (SASJ) de Meyrin, afin de lui permettre d’exploiter l’information dont il dispose. La création d’un centre de documentation est une vaste problématique qui intègre l’ensemble du chemin du document. Le nom que nous avons choisi pour désigner l’espace documentaire du service est La Doc’ du SASJ. Mandat Etant donné que notre travail est réalisé sur mandat du SASJ, il est nécessaire de faire connaissance avec ce service. Le SASJ fait partie de l’administration communale de Meyrin, ses prestations se répartissent en quatre grands blocs : les restaurants scolaires ; les écoles primaires ; la jeunesse et le social. C’est en juillet 2005 que le SASJ intègre le domaine social à ses activités. Dès lors, le service doit faire face à l’arrivée d’une importante documentation et prend conscience de la nécessité de créer une structure pour gérer cette information. Dans ce contexte, notre mandat s’oriente autour de trois axes. Premièrement, les solutions devront permettre le traitement de la documentation externe que possède le service afin de favoriser l’exploitation des documents. Deuxièmement, nous devrons instaurer une collaboration avec les associations partenaires du SASJ pour l’acquisition de la documentation. Troisièmement, il s’agira d’identifier les sources documentaires incontournables permettant aux collaboratrices de se tenir au courant de l’évolution des problématiques dans leurs secteurs d’activité. Méthodologie Afin de mener à bien notre projet, nous avons suivi une méthode dont nous reprenons les grandes étapes pour présenter notre travail. Après avoir défini notre mandat, nous avons dressé un état des lieux qui comprend une analyse de l’environnement du SASJ, ainsi qu’une analyse interne du service. Ensuite, nous avons fait un état de l’art sur la mise en place d’un centre de documentation au sein d’une organisation. Fort de ces aspects théoriques, nous avons pu passer à la réalisation pratique des solutions choisies. En guise de conclusion, nous terminons par un bilan du travail accompli.</subfield>
  </datafield>
  <datafield tag="695" ind1=" " ind2=" ">
    <subfield code="9">fre</subfield>
    <subfield code="a">Centre de documentation - Organisation (structure)</subfield>
  </datafield>
  <datafield tag="700" ind1=" " ind2=" ">
    <subfield code="a">Charmillot, Anne</subfield>
  </datafield>
  <datafield tag="700" ind1=" " ind2=" ">
    <subfield code="a">Gertsch, Melody</subfield>
  </datafield>
  <datafield tag="700" ind1=" " ind2=" ">
    <subfield code="a">Boder, Alexandre</subfield>
    <subfield code="e">Dir.</subfield>
  </datafield>
  <datafield tag="856" ind1="4" ind2=" ">
    <subfield code="f">Annexes.pdf</subfield>
    <subfield code="q">application/pdf</subfield>
    <subfield code="s">1263930</subfield>
    <subfield code="u">http://doc.rero.ch/record/6518/files/Annexes.pdf</subfield>
    <subfield code="y">order:2</subfield>
    <subfield code="z">Annexes</subfield>
  </datafield>
  <datafield tag="856" ind1="4" ind2=" ">
    <subfield code="f">Memoire.pdf</subfield>
    <subfield code="q">application/pdf</subfield>
    <subfield code="s">249491</subfield>
    <subfield code="u">http://doc.rero.ch/record/6518/files/Memoire.pdf</subfield>
    <subfield code="y">order:1</subfield>
    <subfield code="z">Mémoire</subfield>
  </datafield>
  <datafield tag="918" ind1=" " ind2=" ">
    <subfield code="a">Haute école de gestion de Genève</subfield>
    <subfield code="c">Information documentaire</subfield>
    <subfield code="b">Campus de Battelle, Bâtiment F, 7 route de Drize, 1227 Carouge</subfield>
  </datafield>
  <datafield tag="919" ind1=" " ind2=" ">
    <subfield code="a">Haute école de gestion de Genève</subfield>
    <subfield code="b">Genève</subfield>
    <subfield code="d">doc.support@rero.ch</subfield>
  </datafield>
  <datafield tag="980" ind1=" " ind2=" ">
    <subfield code="a">DISSERTATION</subfield>
    <subfield code="b">HEGGE</subfield>
    <subfield code="f">DISS_BACHELOR</subfield>
  </datafield>
  <datafield tag="990" ind1=" " ind2=" ">
    <subfield code="a">20070314150307-QX</subfield>
  </datafield>
</record>