
<record>
  <controlfield tag="001">6275</controlfield>
  <controlfield tag="005">20130605082933.0</controlfield>
  <datafield tag="024" ind1="8" ind2=" ">
    <subfield code="a">oai:doc.rero.ch:20070112103620-RE</subfield>
    <subfield code="p">report</subfield>
    <subfield code="p">cdu33</subfield>
    <subfield code="p">rero_explore</subfield>
    <subfield code="z">dissertation</subfield>
    <subfield code="z">cdu1</subfield>
    <subfield code="z">preprint</subfield>
    <subfield code="z">hegge</subfield>
    <subfield code="z">cdu16</subfield>
    <subfield code="z">journal</subfield>
    <subfield code="z">book</subfield>
    <subfield code="z">thesis</subfield>
    <subfield code="z">thesis_urn</subfield>
    <subfield code="z">cdu34</subfield>
    <subfield code="z">postprint</subfield>
  </datafield>
  <datafield tag="027" ind1=" " ind2=" ">
    <subfield code="a">HES-SO/HEG-GE/C--06/13/1--CH</subfield>
  </datafield>
  <datafield tag="041" ind1=" " ind2=" ">
    <subfield code="a">eng</subfield>
  </datafield>
  <datafield tag="080" ind1=" " ind2=" ">
    <subfield code="a">33</subfield>
  </datafield>
  <datafield tag="100" ind1=" " ind2=" ">
    <subfield code="a">Fragnière, Emmanuel</subfield>
    <subfield code="u">Haute école de gestion de Genève</subfield>
  </datafield>
  <datafield tag="245" ind1=" " ind2=" ">
    <subfield code="9">eng</subfield>
    <subfield code="a">The pricing of the knowledge-based services : insight from the environmental sciences</subfield>
    <subfield code="b">Cahier de recherche</subfield>
  </datafield>
  <datafield tag="269" ind1=" " ind2=" ">
    <subfield code="c">2006</subfield>
  </datafield>
  <datafield tag="300" ind1=" " ind2=" ">
    <subfield code="a">16</subfield>
  </datafield>
  <datafield tag="520" ind1=" " ind2=" ">
    <subfield code="9">fre</subfield>
    <subfield code="a">La plupart des modèles de pricing appliqués aux services sont consacrés aux prestations de services tels que vols en avion ou chambres d’hôtel. Ces techniques peuvent être utilisées à de telles prestations étant donné leur caractère standardisé. Comparés aux biens de production, les services sont caractérisés par les 4 dimensions IHIP. Ainsi, l’intangibilité et l’hétérogénéité des services impliquent qu’il n’est pas aisé d’appliquer des systèmes de prix automatisés. Dans nos récents travaux de recherche, nous avons exploré différents modèles de pricing qui pourraient être utilisés pour déterminer un prix “juste” prenant en compte le point de vue des fournisseurs et des consommateurs de ces services. Pour répondre à cette problématique, nous avons adopté une approche multidisciplinaire essentiellement basée sur les sciences environnementales.</subfield>
  </datafield>
  <datafield tag="520" ind1=" " ind2=" ">
    <subfield code="9">eng</subfield>
    <subfield code="a">Most of the pricing schemes applied in the service sector are devoted to “service commodities" like airplane seats or hotel rooms. These techniques called dynamic pricing exploit the fact that service commodities are sufficiently standardized. Compared to the production of goods, services will typically display a high degree of most of the 4 IHIP dimensions. The intangibility and heterogeneity of knowledge-based services make that automated pricing schemes are not easy to model. In our recent research, we are exploring different kinds of pricing schemes that could be used to determine a “fair” price taking into account the point of views of providers and consumers of knowledge-based services. We adopt a multidisciplinary approach essentially grounded on the environmental sciences.</subfield>
  </datafield>
  <datafield tag="695" ind1=" " ind2=" ">
    <subfield code="9">fre</subfield>
    <subfield code="a">Design du service ; schéma de prix ; méthodes d’évaluation ; agences de voyages</subfield>
  </datafield>
  <datafield tag="695" ind1=" " ind2=" ">
    <subfield code="9">eng</subfield>
    <subfield code="a">Knowledge-based services ; service design ; pricing schemes ; dollar-based valuation methods ; travel agency</subfield>
  </datafield>
  <datafield tag="700" ind1=" " ind2=" ">
    <subfield code="a">Dubosson, Magali</subfield>
    <subfield code="u">Haute école de gestion de Genève</subfield>
  </datafield>
  <datafield tag="700" ind1=" " ind2=" ">
    <subfield code="a">Debély, Joëlle</subfield>
    <subfield code="u">Haute école de gestion de Genève</subfield>
  </datafield>
  <datafield tag="775" ind1=" " ind2=" ">
    <subfield code="o">http://www.hesge.ch/heg/crag/doc/pub_wp_ef_01122006.pdf</subfield>
    <subfield code="g">Autre accès</subfield>
  </datafield>
  <datafield tag="856" ind1="4" ind2=" ">
    <subfield code="f">Fragni_re_cahier_recherche_13.pdf</subfield>
    <subfield code="q">application/pdf</subfield>
    <subfield code="s">272183</subfield>
    <subfield code="u">http://doc.rero.ch/record/6275/files/Fragni_re_cahier_recherche_13.pdf</subfield>
    <subfield code="y">order:1</subfield>
    <subfield code="z">Texte intégral</subfield>
  </datafield>
  <datafield tag="918" ind1=" " ind2=" ">
    <subfield code="c">Centre de recherche appliquée en gestion (CRAG)</subfield>
  </datafield>
  <datafield tag="919" ind1=" " ind2=" ">
    <subfield code="a">Haute école de gestion de Genève</subfield>
    <subfield code="b">Genève</subfield>
    <subfield code="d">doc.support@rero.ch</subfield>
  </datafield>
  <datafield tag="980" ind1=" " ind2=" ">
    <subfield code="a">REPORT</subfield>
    <subfield code="b">HEGGE</subfield>
  </datafield>
  <datafield tag="990" ind1=" " ind2=" ">
    <subfield code="a">20070112103620-RE</subfield>
  </datafield>
</record>