
<record>
  <controlfield tag="001">6274</controlfield>
  <controlfield tag="005">20130605082933.0</controlfield>
  <datafield tag="024" ind1="8" ind2=" ">
    <subfield code="a">oai:doc.rero.ch:20070112102535-UG</subfield>
    <subfield code="p">report</subfield>
    <subfield code="p">cdu33</subfield>
    <subfield code="p">rero_explore</subfield>
    <subfield code="z">dissertation</subfield>
    <subfield code="z">cdu1</subfield>
    <subfield code="z">preprint</subfield>
    <subfield code="z">hegge</subfield>
    <subfield code="z">cdu16</subfield>
    <subfield code="z">journal</subfield>
    <subfield code="z">book</subfield>
    <subfield code="z">thesis</subfield>
    <subfield code="z">thesis_urn</subfield>
    <subfield code="z">cdu34</subfield>
    <subfield code="z">postprint</subfield>
  </datafield>
  <datafield tag="027" ind1=" " ind2=" ">
    <subfield code="a">HES-SO/HEG-GE/C--06/12/1--CH</subfield>
  </datafield>
  <datafield tag="041" ind1=" " ind2=" ">
    <subfield code="a">fre</subfield>
  </datafield>
  <datafield tag="080" ind1=" " ind2=" ">
    <subfield code="a">33</subfield>
  </datafield>
  <datafield tag="100" ind1=" " ind2=" ">
    <subfield code="a">Equey Balzli, Catherine</subfield>
    <subfield code="u">Haute école de gestion de Genève</subfield>
  </datafield>
  <datafield tag="245" ind1=" " ind2=" ">
    <subfield code="9">fre</subfield>
    <subfield code="a">Étude du comportement des PME/PMI suisses en matière d’adoption de système de gestion intégré : entre méconnaissance et satisfaction</subfield>
    <subfield code="b">Cahier de recherche</subfield>
  </datafield>
  <datafield tag="269" ind1=" " ind2=" ">
    <subfield code="c">2006</subfield>
  </datafield>
  <datafield tag="300" ind1=" " ind2=" ">
    <subfield code="a">76</subfield>
  </datafield>
  <datafield tag="520" ind1=" " ind2=" ">
    <subfield code="9">fre</subfield>
    <subfield code="a">Dans un environnement de mondialisation, de nombreux auteurs affirment que les outils de gestion intégrés (ERP) sont indispensables aux PME/PMI. Quelle est la situation des PME/PMI en Suisse en matière d’adoption d’ERP et comment se comportent-elles? Quel est le profil de la PME/PMI suisse qui utilise un ERP ? Notre recherche est basée sur une approche empirique. L’analyse statistique des réponses de près de sept cents PME/PMI des secteurs secondaire et tertiaire de toute la Suisse dévoile des informations nouvelles sur le comportement des PME/PMI suisses face aux outils de gestion intégrés que sont les ERP. Cette étude nous permet également de dresser le profil de la PME suisse qui utilise un ERP et de fournir des informations chiffrées et inédites sur les projets de mise en place d’ERP (coûts, nombre de collaborateurs impliqués, taux de réussite, …).</subfield>
  </datafield>
  <datafield tag="520" ind1=" " ind2=" ">
    <subfield code="9">eng</subfield>
    <subfield code="a">In a global environment, many authors affirm that integrated management tools (ERP) are indispensable to the SME. What is the situation of the Swiss SME in relation to the adoption of ERP and how do they react ? What is the profile of the Swiss SME that utilizes an ERP ? Our research is empirical. The statistical analysis of the answers from approximately seven hundred SME’s from the Swiss secondary and tertiary sectors reveals new information on the behaviour of Swiss SME’s with regard to the integrated management tools that are the ERP. Thanks to this study, we can also define the profile of the Swiss SME that utilizes an ERP and provide new data on the ERP implementation projects (costs, number of employees involved, rate of success,…).</subfield>
  </datafield>
  <datafield tag="695" ind1=" " ind2=" ">
    <subfield code="9">fre</subfield>
    <subfield code="a">ERP ; PGI ; PME ; PMI ; Système de gestion intégré</subfield>
  </datafield>
  <datafield tag="695" ind1=" " ind2=" ">
    <subfield code="9">eng</subfield>
    <subfield code="a">ERP ; SME</subfield>
  </datafield>
  <datafield tag="775" ind1=" " ind2=" ">
    <subfield code="o">http://www.hesge.ch/heg/crag/doc/pub_wp_ce_01122006.pdf</subfield>
    <subfield code="g">Autre accès</subfield>
  </datafield>
  <datafield tag="856" ind1="4" ind2=" ">
    <subfield code="f">Equey_cahier_recherche_12.pdf</subfield>
    <subfield code="q">application/pdf</subfield>
    <subfield code="s">783350</subfield>
    <subfield code="u">http://doc.rero.ch/record/6274/files/Equey_cahier_recherche_12.pdf</subfield>
    <subfield code="y">order:1</subfield>
    <subfield code="z">Texte intégral</subfield>
  </datafield>
  <datafield tag="918" ind1=" " ind2=" ">
    <subfield code="c">Centre de recherche appliquée en gestion (CRAG)</subfield>
  </datafield>
  <datafield tag="919" ind1=" " ind2=" ">
    <subfield code="a">Haute école de gestion de Genève</subfield>
    <subfield code="b">Genève</subfield>
    <subfield code="d">doc.support@rero.ch</subfield>
  </datafield>
  <datafield tag="980" ind1=" " ind2=" ">
    <subfield code="a">REPORT</subfield>
    <subfield code="b">HEGGE</subfield>
  </datafield>
  <datafield tag="990" ind1=" " ind2=" ">
    <subfield code="a">20070112102535-UG</subfield>
  </datafield>
</record>