
<record>
  <controlfield tag="001">6111</controlfield>
  <controlfield tag="005">20130605082933.0</controlfield>
  <datafield tag="024" ind1="8" ind2=" ">
    <subfield code="a">oai:doc.rero.ch:20061117114333-DN</subfield>
    <subfield code="p">report</subfield>
    <subfield code="p">cdu33</subfield>
    <subfield code="p">rero_explore</subfield>
    <subfield code="z">dissertation</subfield>
    <subfield code="z">cdu1</subfield>
    <subfield code="z">preprint</subfield>
    <subfield code="z">hegge</subfield>
    <subfield code="z">cdu16</subfield>
    <subfield code="z">journal</subfield>
    <subfield code="z">book</subfield>
    <subfield code="z">thesis</subfield>
    <subfield code="z">thesis_urn</subfield>
    <subfield code="z">cdu34</subfield>
    <subfield code="z">postprint</subfield>
  </datafield>
  <datafield tag="027" ind1=" " ind2=" ">
    <subfield code="a">HES-SO/HEG-GE/C--06/11/1--CH</subfield>
  </datafield>
  <datafield tag="041" ind1=" " ind2=" ">
    <subfield code="a">fre</subfield>
  </datafield>
  <datafield tag="080" ind1=" " ind2=" ">
    <subfield code="a">33</subfield>
  </datafield>
  <datafield tag="100" ind1=" " ind2=" ">
    <subfield code="a">Baranzini, Andrea</subfield>
    <subfield code="u">Haute école de gestion de Genève</subfield>
  </datafield>
  <datafield tag="245" ind1=" " ind2=" ">
    <subfield code="9">fre</subfield>
    <subfield code="a">Les déterminants du choix de (dé-)localisation des entreprises en Suisse : résumé du rapport scientifique</subfield>
    <subfield code="b">Cahier de recherche</subfield>
  </datafield>
  <datafield tag="269" ind1=" " ind2=" ">
    <subfield code="c">2006</subfield>
  </datafield>
  <datafield tag="300" ind1=" " ind2=" ">
    <subfield code="a">30</subfield>
  </datafield>
  <datafield tag="520" ind1=" " ind2=" ">
    <subfield code="9">fre</subfield>
    <subfield code="a">Ce cahier étudie les choix de (dé)localisation des entreprises sur le territoire suisse entre 1998 et 2001. A l’aide des outils économétriques nécessaires, nous analysons l’impact des principaux déterminants du choix de (dé)localisation généralement considérés dans la littérature sur, d’une part, la probabilité qu’un établissement donné s’implante dans un canton donné et, d’autre part, sur la probabilité de délocaliser un établissement d’un canton à un autre. Les résultats obtenus suggèrent par exemple que, à parité d’autres choses, la probabilité d’implantation d’un nouvel établissement diminue avec le nombre d’établissements du même secteur d’activité implantés dans le canton, mais augmente avec le nombre de travailleur-euses du même secteur d’activité. En outre, si les investissements réalisés dans la promotion économique ont, à parité d’autres choses, un impact positif sur la probabilité d’implantation d’un nouvel établissement, cet effet est deux fois plus important sur la probabilité de délocalisation d’un établissement d’un canton à l’autre. Ce dernier résultat suggère dès lors que la promotion économique a comme impact principal d’attirer des établissements localisés à l’origine dans d’autres cantons.</subfield>
  </datafield>
  <datafield tag="520" ind1=" " ind2=" ">
    <subfield code="9">eng</subfield>
    <subfield code="a">This article discusses the determinants of firms’ location choice in Switzerland between 1998 and 2001. Using the required econometric tools, we analyse a rich set of variables to explain the location choice in the Swiss cantons; the migration of firms from one canton to another one; and the number of newly created firms. The results suggest for example that, all other things being equal, the probability of attracting a new establishment in a given canton decreases with the number of firms in the same industry in the canton, but it increases with the number of workers in same industry. Moreover, the efforts of the economic promotion offices have, ceteris paribus, a positive impact on the probability of attracting a new establishment. However, such effect is twice higher when calculating the probability of delocalisation of an establishment from one canton to another. This last result highlights that the main impact of economic promotion is to attract establishments originally located in other cantons.</subfield>
  </datafield>
  <datafield tag="695" ind1=" " ind2=" ">
    <subfield code="9">fre</subfield>
    <subfield code="a">Localisation ; délocalisation ; entreprises ; effets d’agglomération ; compétition fiscale ; cantons ; Suisse</subfield>
  </datafield>
  <datafield tag="695" ind1=" " ind2=" ">
    <subfield code="9">eng</subfield>
    <subfield code="a">Location ; delocalisation ; firms ; agglomeration effects ; fiscal competition ; corporate taxation ; Switzerland</subfield>
  </datafield>
  <datafield tag="700" ind1=" " ind2=" ">
    <subfield code="a">Ramirez, José</subfield>
    <subfield code="u">Haute école de gestion de Genève</subfield>
  </datafield>
  <datafield tag="700" ind1=" " ind2=" ">
    <subfield code="a">Ugarte Romero, Cristian</subfield>
    <subfield code="u">Haute école de gestion de Genève</subfield>
  </datafield>
  <datafield tag="856" ind1="4" ind2=" ">
    <subfield code="f">Ramirez_cahier_recherche_11.pdf</subfield>
    <subfield code="q">application/pdf</subfield>
    <subfield code="s">212208</subfield>
    <subfield code="u">http://doc.rero.ch/record/6111/files/Ramirez_cahier_recherche_11.pdf</subfield>
    <subfield code="y">order:1</subfield>
    <subfield code="z">Texte intégral</subfield>
  </datafield>
  <datafield tag="918" ind1=" " ind2=" ">
    <subfield code="c">Centre de recherche appliquée en gestion (CRAG)</subfield>
  </datafield>
  <datafield tag="919" ind1=" " ind2=" ">
    <subfield code="a">Haute école de gestion de Genève</subfield>
    <subfield code="b">Genève</subfield>
    <subfield code="d">doc.support@rero.ch</subfield>
  </datafield>
  <datafield tag="980" ind1=" " ind2=" ">
    <subfield code="a">REPORT</subfield>
    <subfield code="b">HEGGE</subfield>
  </datafield>
  <datafield tag="990" ind1=" " ind2=" ">
    <subfield code="a">20061117114333-DN</subfield>
  </datafield>
</record>