
<record>
  <controlfield tag="001">6109</controlfield>
  <controlfield tag="005">20130605082933.0</controlfield>
  <datafield tag="024" ind1="8" ind2=" ">
    <subfield code="a">oai:doc.rero.ch:20061117111509-XV</subfield>
    <subfield code="p">report</subfield>
    <subfield code="p">cdu33</subfield>
    <subfield code="p">rero_explore</subfield>
    <subfield code="z">dissertation</subfield>
    <subfield code="z">cdu1</subfield>
    <subfield code="z">preprint</subfield>
    <subfield code="z">hegge</subfield>
    <subfield code="z">cdu16</subfield>
    <subfield code="z">journal</subfield>
    <subfield code="z">book</subfield>
    <subfield code="z">thesis</subfield>
    <subfield code="z">thesis_urn</subfield>
    <subfield code="z">cdu34</subfield>
    <subfield code="z">postprint</subfield>
  </datafield>
  <datafield tag="027" ind1=" " ind2=" ">
    <subfield code="a">HES-SO/HEG-GE/C--06/09/1--CH</subfield>
  </datafield>
  <datafield tag="041" ind1=" " ind2=" ">
    <subfield code="a">eng</subfield>
  </datafield>
  <datafield tag="080" ind1=" " ind2=" ">
    <subfield code="a">33</subfield>
  </datafield>
  <datafield tag="100" ind1=" " ind2=" ">
    <subfield code="a">Ramirez, José</subfield>
    <subfield code="u">Haute école de gestion de Genève</subfield>
  </datafield>
  <datafield tag="245" ind1=" " ind2=" ">
    <subfield code="9">eng</subfield>
    <subfield code="a">Export activity and wage dispersion : the case of swiss firms</subfield>
    <subfield code="b">Cahier de recherche</subfield>
  </datafield>
  <datafield tag="269" ind1=" " ind2=" ">
    <subfield code="c">2006</subfield>
  </datafield>
  <datafield tag="300" ind1=" " ind2=" ">
    <subfield code="a">26</subfield>
  </datafield>
  <datafield tag="520" ind1=" " ind2=" ">
    <subfield code="9">fre</subfield>
    <subfield code="a">Dans ce papier, nous utilisons une base de données d’environ 3’000 entreprises (et env. 160'000 salarié-es) implantées en Suisse pour analyser l’impact de l’activité d’exportation sur la dispersion des salaires. Premièrement, nous estimons des fonctions de salaires qui tiennent compte tant des caractéristiques des entreprises que de celles des employé-es. Dans un deuxième temps, nous appliquons une méthode originale de décomposition qui permet d’identifier de manière précise l’impact de chaque caractéristique (de l’entreprise ou du salarié-e) sur la dispersion salariale observée. Les résultats montrent que l’impact de l’activité d’exportation des entreprises sur les salaires est fondamentalement une histoire de capital humain, quand bien même certaines différences entre les entreprises exportatrices et les entreprises non-exportatrices ont un impact significatif sur la distribution des salaires.</subfield>
  </datafield>
  <datafield tag="520" ind1=" " ind2=" ">
    <subfield code="9">eng</subfield>
    <subfield code="a">In this paper we use a large and detailed database to analyse the impact of export activity on wage dispersion in Swiss firms. First, earnings functions are estimated which take into account both observed and unobserved characteristics of individuals and firms. Then, an original decomposition is proposed which identifies the exact impact of each individual and firm characteristic on the wage dispersion observed, both within and between exporting and non-exporting firms. Our results suggest that the impact of export activity on wage dispersion is mainly a human capital story but also show significant differences between exporting and non-exporting firms with respect to firm characteristics and their marginal effects on wages.</subfield>
  </datafield>
  <datafield tag="695" ind1=" " ind2=" ">
    <subfield code="9">fre</subfield>
    <subfield code="a">Salaires ; capital humain ; entreprises exportatrices ; décomposition d’inégalité</subfield>
  </datafield>
  <datafield tag="695" ind1=" " ind2=" ">
    <subfield code="9">eng</subfield>
    <subfield code="a">Wages ; human capital ; exporting firms ; inequality decomposition</subfield>
  </datafield>
  <datafield tag="700" ind1=" " ind2=" ">
    <subfield code="a">Deutsch, Joseph</subfield>
    <subfield code="u">Bar-Ilan University, Israël</subfield>
  </datafield>
  <datafield tag="700" ind1=" " ind2=" ">
    <subfield code="a">Flückiger, Yves</subfield>
    <subfield code="u">Université de Genève</subfield>
  </datafield>
  <datafield tag="700" ind1=" " ind2=" ">
    <subfield code="a">Silber, Jacques</subfield>
    <subfield code="u">Bar-Ilan University, Israël</subfield>
  </datafield>
  <datafield tag="775" ind1=" " ind2=" ">
    <subfield code="o">http://www.hesge.ch/heg/crag/doc/pub_wp_jr_31102006.pdf</subfield>
    <subfield code="g">Autre accès</subfield>
  </datafield>
  <datafield tag="856" ind1="4" ind2=" ">
    <subfield code="f">Ramirez_cahier_recherche_9.pdf</subfield>
    <subfield code="q">application/pdf</subfield>
    <subfield code="s">401532</subfield>
    <subfield code="u">http://doc.rero.ch/record/6109/files/Ramirez_cahier_recherche_9.pdf</subfield>
    <subfield code="y">order:1</subfield>
    <subfield code="z">Texte intégral</subfield>
  </datafield>
  <datafield tag="918" ind1=" " ind2=" ">
    <subfield code="c">Centre de recherche appliquée en gestion (CRAG)</subfield>
  </datafield>
  <datafield tag="919" ind1=" " ind2=" ">
    <subfield code="a">Haute école de gestion de Genève</subfield>
    <subfield code="b">Genève</subfield>
    <subfield code="d">doc.support@rero.ch</subfield>
  </datafield>
  <datafield tag="980" ind1=" " ind2=" ">
    <subfield code="a">REPORT</subfield>
    <subfield code="b">HEGGE</subfield>
  </datafield>
  <datafield tag="990" ind1=" " ind2=" ">
    <subfield code="a">20061117111509-XV</subfield>
  </datafield>
</record>