
<record>
  <controlfield tag="001">6086</controlfield>
  <controlfield tag="005">20130605082933.0</controlfield>
  <datafield tag="024" ind1="8" ind2=" ">
    <subfield code="a">oai:doc.rero.ch:20061110114611-GM</subfield>
    <subfield code="p">report</subfield>
    <subfield code="p">cdu33</subfield>
    <subfield code="p">rero_explore</subfield>
    <subfield code="z">dissertation</subfield>
    <subfield code="z">cdu1</subfield>
    <subfield code="z">preprint</subfield>
    <subfield code="z">hegge</subfield>
    <subfield code="z">cdu16</subfield>
    <subfield code="z">journal</subfield>
    <subfield code="z">book</subfield>
    <subfield code="z">thesis</subfield>
    <subfield code="z">thesis_urn</subfield>
    <subfield code="z">cdu34</subfield>
    <subfield code="z">postprint</subfield>
  </datafield>
  <datafield tag="027" ind1=" " ind2=" ">
    <subfield code="a">HES-SO/HEG-GE/C--06/8/1--CH</subfield>
  </datafield>
  <datafield tag="041" ind1=" " ind2=" ">
    <subfield code="a">eng</subfield>
  </datafield>
  <datafield tag="080" ind1=" " ind2=" ">
    <subfield code="a">33</subfield>
  </datafield>
  <datafield tag="100" ind1=" " ind2=" ">
    <subfield code="a">Ramirez, José</subfield>
    <subfield code="u">Haute école de gestion de Genève</subfield>
  </datafield>
  <datafield tag="245" ind1=" " ind2=" ">
    <subfield code="9">eng</subfield>
    <subfield code="a">An efficiency comparison of regional employment offices operating under different exogenous conditions</subfield>
    <subfield code="b">Cahier de recherche</subfield>
  </datafield>
  <datafield tag="269" ind1=" " ind2=" ">
    <subfield code="c">2006</subfield>
  </datafield>
  <datafield tag="300" ind1=" " ind2=" ">
    <subfield code="a">17</subfield>
  </datafield>
  <datafield tag="520" ind1=" " ind2=" ">
    <subfield code="9">fre</subfield>
    <subfield code="a">Ce papier analyse l’efficience d’un panel d’Offices régionaux de placement en Suisse (ORP) sur la période comprise entre novembre 2000 et décembre 2001. L’analyse effectuée se base sur la méthode d’estimation stochastique d’une frontière de production. Les résultats montrent que les conditions exogènes auxquelles font face les ORP ont une influence significative sur leur performance. Toutefois, il est démontré que la composante managériale de l’efficience est d’une grande importante et peut par conséquent grandement amélioré la performance des ORP. Finalement, le service produit par les ORP est caractérisé par des rendements d’échelle décroissants.</subfield>
  </datafield>
  <datafield tag="520" ind1=" " ind2=" ">
    <subfield code="9">eng</subfield>
    <subfield code="a">This paper investigates the technical efficiency differences of a sample of regional employment offices (REOs) across Swiss cantons. The analysis is carried out by means of a stochastic production frontier model estimated on a panel of employment offices observed over the period between November 2000 and December 2001. The results show that the specific exogenous conditions exercise a strong influence over the technical efficiency of each employment office. Even though these conditions affect significantly the relative performance of REOs, the managerial efficiency component does remain important. Hence, REOs may improve their efficiency by adopting better managerial practices. Finally, the job placement process is characterised by decreasing returns to scale.</subfield>
  </datafield>
  <datafield tag="695" ind1=" " ind2=" ">
    <subfield code="9">fre</subfield>
    <subfield code="a">Offices régionaux de placement ; efficience ; conditions exogènes ; frontière stochastique ; fonction de production</subfield>
  </datafield>
  <datafield tag="695" ind1=" " ind2=" ">
    <subfield code="9">eng</subfield>
    <subfield code="a">Regional employment offices ; technical efficiency ; exogenous conditions ; stochastic frontier ; production function</subfield>
  </datafield>
  <datafield tag="700" ind1=" " ind2=" ">
    <subfield code="a">Vassiliev, Anatoli</subfield>
    <subfield code="u">UBS</subfield>
  </datafield>
  <datafield tag="775" ind1=" " ind2=" ">
    <subfield code="g">Autre accès : http://www.hesge.ch/heg/crag/doc/pub_wp_jr_30102006.pdf</subfield>
  </datafield>
  <datafield tag="856" ind1="4" ind2=" ">
    <subfield code="f">Ramirez_cahier_recherche_8.pdf</subfield>
    <subfield code="q">application/pdf</subfield>
    <subfield code="s">164085</subfield>
    <subfield code="u">http://doc.rero.ch/record/6086/files/Ramirez_cahier_recherche_8.pdf</subfield>
    <subfield code="y">order:1</subfield>
    <subfield code="z">Texte intégral</subfield>
  </datafield>
  <datafield tag="918" ind1=" " ind2=" ">
    <subfield code="c">Centre de recherche appliquée en gestion (CRAG)</subfield>
  </datafield>
  <datafield tag="919" ind1=" " ind2=" ">
    <subfield code="a">Haute école de gestion de Genève</subfield>
    <subfield code="b">Genève</subfield>
    <subfield code="d">doc.support@rero.ch</subfield>
  </datafield>
  <datafield tag="980" ind1=" " ind2=" ">
    <subfield code="a">REPORT</subfield>
    <subfield code="b">HEGGE</subfield>
  </datafield>
  <datafield tag="990" ind1=" " ind2=" ">
    <subfield code="a">20061110114611-GM</subfield>
  </datafield>
</record>