
<record>
  <controlfield tag="001">6032</controlfield>
  <controlfield tag="005">20130605082932.0</controlfield>
  <datafield tag="024" ind1="8" ind2=" ">
    <subfield code="a">oai:doc.rero.ch:20061013154240-HY</subfield>
    <subfield code="p">report</subfield>
    <subfield code="p">cdu33</subfield>
    <subfield code="p">rero_explore</subfield>
    <subfield code="z">dissertation</subfield>
    <subfield code="z">cdu1</subfield>
    <subfield code="z">preprint</subfield>
    <subfield code="z">hegge</subfield>
    <subfield code="z">cdu16</subfield>
    <subfield code="z">journal</subfield>
    <subfield code="z">book</subfield>
    <subfield code="z">thesis</subfield>
    <subfield code="z">thesis_urn</subfield>
    <subfield code="z">cdu34</subfield>
    <subfield code="z">postprint</subfield>
  </datafield>
  <datafield tag="027" ind1=" " ind2=" ">
    <subfield code="a">HES-SO/HEG-GE/C--06/7/1--CH</subfield>
  </datafield>
  <datafield tag="041" ind1=" " ind2=" ">
    <subfield code="a">eng</subfield>
  </datafield>
  <datafield tag="080" ind1=" " ind2=" ">
    <subfield code="a">33</subfield>
  </datafield>
  <datafield tag="100" ind1=" " ind2=" ">
    <subfield code="a">Baranzini, Andrea</subfield>
    <subfield code="u">Haute école de gestion de Genève</subfield>
  </datafield>
  <datafield tag="245" ind1=" " ind2=" ">
    <subfield code="9">eng</subfield>
    <subfield code="a">Feel it or measure it. Perceived vs measured noise in hedonic models</subfield>
    <subfield code="b">Cahier de recherche</subfield>
  </datafield>
  <datafield tag="269" ind1=" " ind2=" ">
    <subfield code="c">2006</subfield>
  </datafield>
  <datafield tag="300" ind1=" " ind2=" ">
    <subfield code="a">26</subfield>
  </datafield>
  <datafield tag="520" ind1=" " ind2=" ">
    <subfield code="9">eng</subfield>
    <subfield code="a">The aim of this paper is to compare the use of scientific and perceived noise measures in a hedonic model framework. Although in theory the use of subjective variables is recommended, most of the empirical applications use scientific noise variables. Using three different databases, we are able to obtain a relative large sample of about 2 800 apartments located in Geneva, Switzerland. The sample contains both scientific measures and perceived noise data, as well as structural and accessibility variables. However, in order to compare scientific and perceived noise measures we need them expressed in comparable units, e.g. dB(A). Since no such data is available, we refer to the acoustic literature to transform a categorical variable on perceived external noise into a measure directly comparable to a scientific measure of noise in dB(A). We show that a clear relationship appears between the scientific measure of road traffic noise and the transformation of the perceived external noise in dB(A). From this relationship, it is interesting to note that: 1) There is a great variability in the perception of noise when the scientific noise level is relatively low; and 2) The systematic bias of subjective overestimation of low probability events that has been highlighted in the risk literature also parallels with our findings here concerning the perceived exposure to external noise. Having both noise measures in comparable units, we are able to analyse their performance in the context of the hedonic model. We conclude that for moderate to high noise levels, the scientific measures of noise safely approximate the individual perception of it. This last result is very promising from a policy-making point of view, for which the use of scientific measures are more convenient and transferable than subjective perceptions.</subfield>
  </datafield>
  <datafield tag="695" ind1=" " ind2=" ">
    <subfield code="9">eng</subfield>
    <subfield code="a">Noise ; measured noise ; perceived noise ; housing market ; hedonic model ; hedonic approach ; external cost ; monetary valuation ; geographical information system (GIS)</subfield>
  </datafield>
  <datafield tag="700" ind1=" " ind2=" ">
    <subfield code="a">Schaerer, Caroline</subfield>
    <subfield code="u">Haute école de gestion de Genève</subfield>
  </datafield>
  <datafield tag="700" ind1=" " ind2=" ">
    <subfield code="a">Ramirez, José V.</subfield>
    <subfield code="u">Haute école de gestion de Genève</subfield>
  </datafield>
  <datafield tag="700" ind1=" " ind2=" ">
    <subfield code="a">Thalmann, Philippe</subfield>
    <subfield code="u">EPFL</subfield>
  </datafield>
  <datafield tag="856" ind1="4" ind2=" ">
    <subfield code="f">Baranzini_cahier_recherche_7.pdf</subfield>
    <subfield code="q">application/pdf</subfield>
    <subfield code="s">273594</subfield>
    <subfield code="u">http://doc.rero.ch/record/6032/files/Baranzini_cahier_recherche_7.pdf</subfield>
    <subfield code="y">order:1</subfield>
    <subfield code="z">Texte intégral</subfield>
  </datafield>
  <datafield tag="918" ind1=" " ind2=" ">
    <subfield code="c">Centre de recherche appliquée en gestion (CRAG)</subfield>
  </datafield>
  <datafield tag="919" ind1=" " ind2=" ">
    <subfield code="a">Haute école de gestion de Genève</subfield>
    <subfield code="b">Genève</subfield>
    <subfield code="d">doc.support@rero.ch</subfield>
  </datafield>
  <datafield tag="980" ind1=" " ind2=" ">
    <subfield code="a">REPORT</subfield>
    <subfield code="b">HEGGE</subfield>
  </datafield>
  <datafield tag="990" ind1=" " ind2=" ">
    <subfield code="a">20061013154240-HY</subfield>
  </datafield>
</record>