
<record>
  <controlfield tag="001">6031</controlfield>
  <controlfield tag="005">20130605082932.0</controlfield>
  <datafield tag="024" ind1="8" ind2=" ">
    <subfield code="a">oai:doc.rero.ch:20061013153558-WU</subfield>
    <subfield code="p">report</subfield>
    <subfield code="p">cdu33</subfield>
    <subfield code="p">rero_explore</subfield>
    <subfield code="z">dissertation</subfield>
    <subfield code="z">cdu1</subfield>
    <subfield code="z">preprint</subfield>
    <subfield code="z">hegge</subfield>
    <subfield code="z">cdu16</subfield>
    <subfield code="z">journal</subfield>
    <subfield code="z">book</subfield>
    <subfield code="z">thesis</subfield>
    <subfield code="z">thesis_urn</subfield>
    <subfield code="z">cdu34</subfield>
    <subfield code="z">postprint</subfield>
  </datafield>
  <datafield tag="027" ind1=" " ind2=" ">
    <subfield code="a">HES-SO/HEG-GE/C--06/6/1--CH</subfield>
  </datafield>
  <datafield tag="041" ind1=" " ind2=" ">
    <subfield code="a">eng</subfield>
  </datafield>
  <datafield tag="080" ind1=" " ind2=" ">
    <subfield code="a">33</subfield>
  </datafield>
  <datafield tag="100" ind1=" " ind2=" ">
    <subfield code="a">Thalmann, Philippe</subfield>
    <subfield code="u">EPFL</subfield>
  </datafield>
  <datafield tag="245" ind1=" " ind2=" ">
    <subfield code="9">eng</subfield>
    <subfield code="a">Gradual introduction of coercive instruments in climate policy</subfield>
    <subfield code="b">Cahier de recherche</subfield>
  </datafield>
  <datafield tag="269" ind1=" " ind2=" ">
    <subfield code="c">2006</subfield>
  </datafield>
  <datafield tag="300" ind1=" " ind2=" ">
    <subfield code="a">22</subfield>
  </datafield>
  <datafield tag="520" ind1=" " ind2=" ">
    <subfield code="9">fre</subfield>
    <subfield code="a">Ce papier traite de l’accroissement de l’acceptabilité, i.e. discute de la mise en œuvre d’un mécanisme pour la préparation graduelle du citoyen et de l’économie à la mise en place d’une taxe sur le carbone. Il fait référence aux expériences effectuées en Suisse, où des approches volontaires ont été combinées avec une taxe sur le CO2. De manière plus générale, ce papier discute de la dynamique de la politique climatique dans une démocratie, dans laquelle la mise en place des lois est toujours participative. Il analyse la genèse de la loi suisse sur le CO2, en particulier l’historique d’une première tentative avortée, afin de montrer la mise en œuvre d’une approche stratégique particulière permettant de répandre les approches volontaires. L’approche semblait être couronnée de succès, créant le support nécessaire pour introduire la taxe sur le carbone. Cependant, une proposition de dernière minute concernant une taxe privée sur le prix des combustibles a remis tout en question et paraît miner toute l’architecture de la loi sur le CO2. Nous interprétons ce qui n’a pas marché et en tirons des leçons générale pour la politique climatique.</subfield>
  </datafield>
  <datafield tag="520" ind1=" " ind2=" ">
    <subfield code="9">eng</subfield>
    <subfield code="a">This paper is about acceptance building, i.e. devising a mechanism for the gradual preparation of the citizenship and the economy in order to implement a carbon tax. It draws from the experiences made in Switzerland, where voluntary approaches were combined with a CO2 tax. More generally, this paper is about the dynamics of climate policy in a democracy, where law making is always participatory. It analyses the genesis of the Swiss CO2 Law, in particular the history of an earlier aborted proposal, to show the setting up of a peculiar strategic approach that spawned an array of voluntary approaches. The approach seemed about to succeed in creating sufficient support for the carbon tax. However, a last minute proposal of a private levy on fuel prices upset everything and seems about to fully undermine the CO2 Law. We interpret what went wrong and attempt to draw general lessons for climate policy.</subfield>
  </datafield>
  <datafield tag="695" ind1=" " ind2=" ">
    <subfield code="9">fre</subfield>
    <subfield code="a">Politique climatique ; changement climatique ; instruments économiques ; approches volontaires ; taxe sur le carbone ; taxe sur le CO2 ; acceptabilité</subfield>
  </datafield>
  <datafield tag="695" ind1=" " ind2=" ">
    <subfield code="9">eng</subfield>
    <subfield code="a">Climate policy ; climate change ; economic instruments ; voluntary approaches ; carbon tax ; CO2 tax ; acceptability</subfield>
  </datafield>
  <datafield tag="700" ind1=" " ind2=" ">
    <subfield code="a">Baranzini, Andrea</subfield>
    <subfield code="u">Haute école de gestion de Genève</subfield>
  </datafield>
  <datafield tag="856" ind1="4" ind2=" ">
    <subfield code="f">Baranzini_cahier_recherche_6.pdf</subfield>
    <subfield code="q">application/pdf</subfield>
    <subfield code="s">179699</subfield>
    <subfield code="u">http://doc.rero.ch/record/6031/files/Baranzini_cahier_recherche_6.pdf</subfield>
    <subfield code="y">order:1</subfield>
    <subfield code="z">Texte intégral</subfield>
  </datafield>
  <datafield tag="918" ind1=" " ind2=" ">
    <subfield code="c">Centre de recherche appliquée en gestion (CRAG)</subfield>
  </datafield>
  <datafield tag="919" ind1=" " ind2=" ">
    <subfield code="a">Haute école de gestion de Genève</subfield>
    <subfield code="b">Genève</subfield>
    <subfield code="d">doc.support@rero.ch</subfield>
  </datafield>
  <datafield tag="980" ind1=" " ind2=" ">
    <subfield code="a">REPORT</subfield>
    <subfield code="b">HEGGE</subfield>
  </datafield>
  <datafield tag="990" ind1=" " ind2=" ">
    <subfield code="a">20061013153558-WU</subfield>
  </datafield>
</record>