
<record>
  <controlfield tag="001">6028</controlfield>
  <controlfield tag="005">20130605082932.0</controlfield>
  <datafield tag="024" ind1="8" ind2=" ">
    <subfield code="a">oai:doc.rero.ch:20061013102704-HA</subfield>
    <subfield code="p">report</subfield>
    <subfield code="p">cdu33</subfield>
    <subfield code="p">rero_explore</subfield>
    <subfield code="z">dissertation</subfield>
    <subfield code="z">cdu1</subfield>
    <subfield code="z">preprint</subfield>
    <subfield code="z">hegge</subfield>
    <subfield code="z">cdu16</subfield>
    <subfield code="z">journal</subfield>
    <subfield code="z">book</subfield>
    <subfield code="z">thesis</subfield>
    <subfield code="z">thesis_urn</subfield>
    <subfield code="z">cdu34</subfield>
    <subfield code="z">postprint</subfield>
  </datafield>
  <datafield tag="027" ind1=" " ind2=" ">
    <subfield code="a">HES/SO/HEG-GE/C--06/3/1--CH</subfield>
  </datafield>
  <datafield tag="041" ind1=" " ind2=" ">
    <subfield code="a">eng</subfield>
  </datafield>
  <datafield tag="080" ind1=" " ind2=" ">
    <subfield code="a">33</subfield>
  </datafield>
  <datafield tag="100" ind1=" " ind2=" ">
    <subfield code="a">Ferro Luzzi, Giovanni</subfield>
    <subfield code="u">Université de Genève</subfield>
  </datafield>
  <datafield tag="245" ind1=" " ind2=" ">
    <subfield code="9">eng</subfield>
    <subfield code="a">Measuring the performance of microfinance institutions</subfield>
    <subfield code="b">Cahier de recherche</subfield>
  </datafield>
  <datafield tag="269" ind1=" " ind2=" ">
    <subfield code="c">2006</subfield>
  </datafield>
  <datafield tag="300" ind1=" " ind2=" ">
    <subfield code="a">17</subfield>
  </datafield>
  <datafield tag="520" ind1=" " ind2=" ">
    <subfield code="9">fre</subfield>
    <subfield code="a">Mesurer la performance des institutions de microfinance (IMF) n’est pas une tâche aisée. Étudier la seule capacité financière d’une IMF est en effet insuffisant, puisque cela ne constitue qu’une facette de sa performance. De nombreuses IMF étant initialement créées dans l’objectif d’aider les plus pauvres, il est en fait nécessaire de tenir compte d’aspects sociaux. La performance des IMF est par conséquent multidimensionnelle. Ce papier illustre une approche moderne pour évaluer la performance des IMF. L’analyse factorielle est utilisée dans un premier temps afin de construire des indices de performance basés sur de multiples combinaisons de variables potentielles. Les variables de base sont ainsi combinées pour produire plusieurs facteurs contenant chacun une dimension différente de performance. Les scores factoriels assignés à chaque IMF peuvent ensuite être utilisés comme variables dépendantes d’un modèle à équations simultanées. Cette méthodologie nous permet de présenter de nouveaux résultats concernant les facteurs déterminant la performance des IMF.</subfield>
  </datafield>
  <datafield tag="520" ind1=" " ind2=" ">
    <subfield code="9">eng</subfield>
    <subfield code="a">Measuring the performance of microfinance institutions (MFIs) is not a trivial task. Indeed, looking at the financial sustainability of an MFI only gives one feature of its performance. As many MFIs primarily exist in order to help the poorest people, one also has to include aspects of outreach in their performance. Hence, MFIs’ performance can be termed multidimensional. This paper illustrates how some statistical tools can offer new insights in the context of MFIs’ performance evaluation. Factor analysis is used in a first step to construct performance indices based on several possible associations of variables without posing too many a priori restrictions. The base variables are thus combined to produce different factors, each one representing a distinct dimension of performance. We then use the individual scores ascribed to each MFI on each factor as the dependent variables of a simultaneous-equations model and present new evidence on the determinants of MFIs’ performance.</subfield>
  </datafield>
  <datafield tag="695" ind1=" " ind2=" ">
    <subfield code="9">fre</subfield>
    <subfield code="a">Microfinance ; Performance sociale ; Performance financière ; Analyse factorielle</subfield>
  </datafield>
  <datafield tag="695" ind1=" " ind2=" ">
    <subfield code="9">eng</subfield>
    <subfield code="a">Microfinance ; Outreach ; Self-sustainability ; Factor analysis</subfield>
  </datafield>
  <datafield tag="700" ind1=" " ind2=" ">
    <subfield code="a">Weber, Sylvain</subfield>
    <subfield code="u">Haute école de gestion de Genève</subfield>
  </datafield>
  <datafield tag="856" ind1="4" ind2=" ">
    <subfield code="f">Weber_cahier_recherche_3.pdf</subfield>
    <subfield code="q">application/pdf</subfield>
    <subfield code="s">346277</subfield>
    <subfield code="u">http://doc.rero.ch/record/6028/files/Weber_cahier_recherche_3.pdf</subfield>
    <subfield code="y">order:1</subfield>
    <subfield code="z">Texte intégral</subfield>
  </datafield>
  <datafield tag="918" ind1=" " ind2=" ">
    <subfield code="c">Centre de recherche appliquée en gestion (CRAG)</subfield>
  </datafield>
  <datafield tag="919" ind1=" " ind2=" ">
    <subfield code="a">Haute école de gestion de Genève</subfield>
    <subfield code="b">Genève</subfield>
    <subfield code="d">doc.support@rero.ch</subfield>
  </datafield>
  <datafield tag="980" ind1=" " ind2=" ">
    <subfield code="a">REPORT</subfield>
    <subfield code="b">HEGGE</subfield>
  </datafield>
  <datafield tag="990" ind1=" " ind2=" ">
    <subfield code="a">20061013102704-HA</subfield>
  </datafield>
</record>