
<record>
  <controlfield tag="001">6027</controlfield>
  <controlfield tag="005">20130225121826.0</controlfield>
  <datafield tag="024" ind1="8" ind2=" ">
    <subfield code="a">oai:doc.rero.ch:20061013101502-EE</subfield>
    <subfield code="p">report</subfield>
    <subfield code="p">rero_explore</subfield>
    <subfield code="z">cdu3</subfield>
    <subfield code="z">cdu1</subfield>
    <subfield code="z">preprint</subfield>
    <subfield code="z">hegge</subfield>
    <subfield code="z">cdu16</subfield>
    <subfield code="z">dissertation</subfield>
    <subfield code="z">journal</subfield>
    <subfield code="z">book</subfield>
    <subfield code="z">thesis</subfield>
    <subfield code="z">thesis_urn</subfield>
    <subfield code="z">cdu34</subfield>
    <subfield code="z">postprint</subfield>
  </datafield>
  <datafield tag="027" ind1=" " ind2=" ">
    <subfield code="a">HES-SO/HEG-GE/C--06/2/1--CH</subfield>
  </datafield>
  <datafield tag="041" ind1=" " ind2=" ">
    <subfield code="a">eng</subfield>
  </datafield>
  <datafield tag="080" ind1=" " ind2=" ">
    <subfield code="a">3</subfield>
  </datafield>
  <datafield tag="100" ind1=" " ind2=" ">
    <subfield code="a">Ferro Luzzi, Giovanni</subfield>
    <subfield code="u">Université de Genève</subfield>
  </datafield>
  <datafield tag="245" ind1=" " ind2=" ">
    <subfield code="9">eng</subfield>
    <subfield code="a">A cluster analysis of multidimensional poverty in Switzerland</subfield>
    <subfield code="b">Cahier de recherche</subfield>
  </datafield>
  <datafield tag="269" ind1=" " ind2=" ">
    <subfield code="c">2006</subfield>
  </datafield>
  <datafield tag="300" ind1=" " ind2=" ">
    <subfield code="a">25</subfield>
  </datafield>
  <datafield tag="520" ind1=" " ind2=" ">
    <subfield code="9">fre</subfield>
    <subfield code="a">La pauvreté est habituellement mesurée sur des bases financières uniquement. C’est cependant un état multidimensionnel, non seulement en rapport avec la situation financière, mais également avec la santé, la formation, l’environnement vital, l’état psychologique ainsi que la conjoncture sociale. Il faut par conséquent tenir compte de toutes ces composantes pour avoir une image complète de la pauvreté. Ceci est particulièrement vrai pour les pays industrialisés, où les personnes connaissant des difficultés financières peuvent bénéficier d’aides sociales telles qu’un revenu minimum ou des allocations de chômage et de logement. L’exclusion sociale et une mauvaise santé peuvent ainsi avoir un impact primordial dans le sentiment de pauvreté. Dans cet article, nous proposons une méthodologie qui offre de nouvelles perspectives dans le contexte de la pauvreté multidimensionnelle. Dans une première étape, on effectue une analyse factorielle afin de construire des indicateurs de pauvreté basés sur de nombreuses dimensions potentielles et sans imposer de contrainte à priori. Les variables de base sont alors combinées dans quelques facteurs communs qui contiennent chacun une facette de la pauvreté multidimensionnelle. Une analyse typologique est ensuite réalisée sur la base des scores factoriels obtenus, dans le but de déterminer des sous-groupes de la population différemment affectés par les multiples dimensions de la pauvreté, ce qui permet d’identifier les pauvres. Une régression logistique est finalement estimée afin de rechercher les déterminants de la pauvreté.</subfield>
  </datafield>
  <datafield tag="520" ind1=" " ind2=" ">
    <subfield code="9">eng</subfield>
    <subfield code="a">The measurement of poverty has often been criticized for relying solely on measures of financial deprivation. Poverty being a multidimensional state, related to health, schooling, living environment, psychological state as well as social tides, care should be taken to integrate these various components to have a proper picture of poverty. This is especially true for rich countries where poor financial conditions are often alleviated by social policies like minimum income, unemployment or housing benefits. Social exclusion and poor health can therefore dominate the poverty feeling. We illustrate how some descriptive statistical tools can offer new insights in the context of multidimensional poverty. Factor analysis is used in a first step to construct poverty indicators based on many possible dimensions without posing too many a priori restrictions. The base variables are thus combined to produce common factors which convey some aspect of multidimensional poverty. By ascribing individual scores on each factor, we then use cluster analysis to determine population’s subgroups that are unevenly affected by the various dimensions of poverty, what allows us to identify the poor. Finally, a logit regression is run to find the determinants of poverty.</subfield>
  </datafield>
  <datafield tag="695" ind1=" " ind2=" ">
    <subfield code="9">fre</subfield>
    <subfield code="a">Pauvreté multidimensionnelle ; Analyse factorielle ; Analyse typologique ; Suisse</subfield>
  </datafield>
  <datafield tag="695" ind1=" " ind2=" ">
    <subfield code="9">eng</subfield>
    <subfield code="a">Multidimensional poverty ; Factor analysis ; Cluster analysis ; Switzerland</subfield>
  </datafield>
  <datafield tag="700" ind1=" " ind2=" ">
    <subfield code="a">Flückiger, Yves</subfield>
    <subfield code="u">Université de Genève</subfield>
  </datafield>
  <datafield tag="700" ind1=" " ind2=" ">
    <subfield code="a">Weber, Sylvain</subfield>
    <subfield code="u">Haute école de gestion de Genève</subfield>
  </datafield>
  <datafield tag="856" ind1="4" ind2=" ">
    <subfield code="f">Weber_cahier_recherche_2.pdf</subfield>
    <subfield code="q">application/pdf</subfield>
    <subfield code="s">411613</subfield>
    <subfield code="u">http://doc.rero.ch/record/6027/files/Weber_cahier_recherche_2.pdf</subfield>
    <subfield code="y">order:1</subfield>
    <subfield code="z">Texte intégral</subfield>
  </datafield>
  <datafield tag="918" ind1=" " ind2=" ">
    <subfield code="c">Centre de recherche appliquée en gestion (CRAG)</subfield>
  </datafield>
  <datafield tag="919" ind1=" " ind2=" ">
    <subfield code="a">Haute école de gestion de Genève</subfield>
    <subfield code="b">Genève</subfield>
    <subfield code="d">doc.support@rero.ch</subfield>
  </datafield>
  <datafield tag="980" ind1=" " ind2=" ">
    <subfield code="a">REPORT</subfield>
    <subfield code="b">HEGGE</subfield>
  </datafield>
  <datafield tag="990" ind1=" " ind2=" ">
    <subfield code="a">20061013101502-EE</subfield>
  </datafield>
</record>