
<record>
  <controlfield tag="001">6026</controlfield>
  <controlfield tag="005">20130605082932.0</controlfield>
  <datafield tag="024" ind1="8" ind2=" ">
    <subfield code="a">oai:doc.rero.ch:20061012163407-OI</subfield>
    <subfield code="p">report</subfield>
    <subfield code="p">cdu33</subfield>
    <subfield code="p">rero_explore</subfield>
    <subfield code="z">dissertation</subfield>
    <subfield code="z">cdu1</subfield>
    <subfield code="z">preprint</subfield>
    <subfield code="z">hegge</subfield>
    <subfield code="z">cdu16</subfield>
    <subfield code="z">journal</subfield>
    <subfield code="z">book</subfield>
    <subfield code="z">thesis</subfield>
    <subfield code="z">thesis_urn</subfield>
    <subfield code="z">cdu34</subfield>
    <subfield code="z">postprint</subfield>
  </datafield>
  <datafield tag="027" ind1=" " ind2=" ">
    <subfield code="a">HES-SO/HEG-GE/C--06/1/1--CH</subfield>
  </datafield>
  <datafield tag="041" ind1=" " ind2=" ">
    <subfield code="a">fre</subfield>
  </datafield>
  <datafield tag="080" ind1=" " ind2=" ">
    <subfield code="a">33</subfield>
  </datafield>
  <datafield tag="100" ind1=" " ind2=" ">
    <subfield code="a">Baranzini Andrea</subfield>
    <subfield code="u">Haute école de gestion de Genève</subfield>
  </datafield>
  <datafield tag="245" ind1=" " ind2=" ">
    <subfield code="9">fre</subfield>
    <subfield code="a">La demande de récréation pour un parc naturel</subfield>
    <subfield code="b">une application au Bois de Pfyn-Finges, Suisse : cahier de recherche</subfield>
  </datafield>
  <datafield tag="269" ind1=" " ind2=" ">
    <subfield code="c">2006</subfield>
  </datafield>
  <datafield tag="300" ind1=" " ind2=" ">
    <subfield code="a">14</subfield>
  </datafield>
  <datafield tag="520" ind1=" " ind2=" ">
    <subfield code="9">fre</subfield>
    <subfield code="a">Dans ce papier, grâce à la méthode du coût du trajet, nous avons déterminé la fonction de demande pour les usages récréatifs du Bois de Finges, une des pinèdes la plus vaste de Suisse et d’importance européenne. D’abord, nous avons identifié les variables ayant un impact sur le nombre de visites, tels que le coût de la visite, les caractéristiques socio-économiques traditionnelles des individus et les caractéristiques recherchées lors de la visite (tels que le jour, la période de l’année, la météorologie, etc.). Nos estimations montrent en particulier que le coût de la visite possède une influence négative sur le nombre de visites, avec une élasticité-prix du nombre de visites d’environ –0.5. Par contre, comme dans d’autres études similaires, nous trouvons que les variables socio-économiques traditionnelles (telles le revenu, l’âge, le genre, etc.) n’ont pas d’influence significative sur le nombre de visites. À partir de l’estimation de la relation entre le nombre de visites est les facteurs qui le déterminent, nous avons ensuite calculé la fonction de demande proprement dite, de laquelle nous avons pu mesurer les bénéfices monétaires des usages récréatifs du Bois de Finges. Ces bénéfices se situent entre environ CHF 1’100 et 1’500 par personne et par année. Ces résultats sont du même ordre de grandeur des études appliquant la méthode du coût du trajet pour les forêts en Suisse. Ces estimations peuvent être utiles pour avoir un ordre de grandeur des bénéfices monétaires minimaux découlant de l’usage récréatif du Bois de Finges. Cependant, comme toute autre forêt, le Bois de Finges offre toute une série d’autres services qui possèdent aussi une valeur économique, mais qui n’ont pas été considérés dans cette étude.</subfield>
  </datafield>
  <datafield tag="520" ind1=" " ind2=" ">
    <subfield code="9">eng</subfield>
    <subfield code="a">In this paper we assess the recreation demand for the Bois de Finges, one of the largest pine forest in Switzerland and of European importance. In order to quantify the recreational benefits, we have applied the travel cost method. The data were collected through an on-site survey during 2004. Firstly, we have identified the variables having an impact on the number of visits, such as the cost of the visit, the socio-economic characteristics of the visitors and the characteristics researched by the visitors. Our estimations show in particular that the cost of the visit has a negative influence on the number of visits, with a price-elasticity of about –0.5. Moreover, as in other studies, we find that the traditional socio-economic characteristics (such as income, age, gender) do not have a statistically significant impact on the number of visits. From the estimation of the relationship between the number of visits and its determinants, we calculated the demand function, from which we infer the monetary benefits of the recreation uses of Bois de Finges. For the average individual in the sample, this benefit is between about CHF 1'100 and CHF 1500 per year. Those results could be useful to have an order of magnitude on the minimum monetary benefits from the recreational use of Bois de Finges. However, as any other forest, the Bois de Finges offers many other services which also possess an economic value, but which have not been considered in this paper.</subfield>
  </datafield>
  <datafield tag="695" ind1=" " ind2=" ">
    <subfield code="9">fre</subfield>
    <subfield code="a">Demande usages récréatifs ; méthode du coût du trajet ; évaluation ; bénéfices environnementaux ; forêt ; tourisme</subfield>
  </datafield>
  <datafield tag="695" ind1=" " ind2=" ">
    <subfield code="9">eng</subfield>
    <subfield code="a">Recreation demand ; travel cost method ; valuation of environmental benefits ; forest ; tourism</subfield>
  </datafield>
  <datafield tag="700" ind1=" " ind2=" ">
    <subfield code="a">Rochette Damien</subfield>
    <subfield code="u">Haute école de gestion de Genève</subfield>
  </datafield>
  <datafield tag="856" ind1="4" ind2=" ">
    <subfield code="f">Baranzini_cahier_recherche_1.pdf</subfield>
    <subfield code="q">application/pdf</subfield>
    <subfield code="s">194817</subfield>
    <subfield code="u">http://doc.rero.ch/record/6026/files/Baranzini_cahier_recherche_1.pdf</subfield>
    <subfield code="y">order:1</subfield>
    <subfield code="z">Texte intégral</subfield>
  </datafield>
  <datafield tag="918" ind1=" " ind2=" ">
    <subfield code="c">Centre de recherche appliquée en gestion (CRAG)</subfield>
  </datafield>
  <datafield tag="919" ind1=" " ind2=" ">
    <subfield code="a">Haute école de gestion de Genève</subfield>
    <subfield code="b">Genève</subfield>
    <subfield code="d">doc.support@rero.ch</subfield>
  </datafield>
  <datafield tag="980" ind1=" " ind2=" ">
    <subfield code="a">REPORT</subfield>
    <subfield code="b">HEGGE</subfield>
  </datafield>
  <datafield tag="990" ind1=" " ind2=" ">
    <subfield code="a">20061012163407-OI</subfield>
  </datafield>
</record>