
<record>
  <controlfield tag="001">5655</controlfield>
  <controlfield tag="005">20130211172811.0</controlfield>
  <datafield tag="024" ind1="8" ind2=" ">
    <subfield code="a">oai:doc.rero.ch:20060509085921-KS</subfield>
    <subfield code="p">dissertation</subfield>
    <subfield code="z">cdu1</subfield>
    <subfield code="z">preprint</subfield>
    <subfield code="z">hegge</subfield>
    <subfield code="z">cdu16</subfield>
    <subfield code="z">journal</subfield>
    <subfield code="z">book</subfield>
    <subfield code="z">cdu02</subfield>
    <subfield code="z">thesis</subfield>
    <subfield code="z">report</subfield>
    <subfield code="z">thesis_urn</subfield>
    <subfield code="z">cdu34</subfield>
    <subfield code="z">postprint</subfield>
  </datafield>
  <datafield tag="035" ind1=" " ind2=" ">
    <subfield code="a">R004000549</subfield>
  </datafield>
  <datafield tag="041" ind1=" " ind2=" ">
    <subfield code="a">fre</subfield>
  </datafield>
  <datafield tag="080" ind1=" " ind2=" ">
    <subfield code="a">02</subfield>
  </datafield>
  <datafield tag="100" ind1=" " ind2=" ">
    <subfield code="a">Brouard, Delphine</subfield>
  </datafield>
  <datafield tag="245" ind1=" " ind2=" ">
    <subfield code="9">fre</subfield>
    <subfield code="a">Le dossier documentaire dans les médiathèques du Cycle d'orientation genevois</subfield>
    <subfield code="b">analyse de l'utilisation et des pratiques professionnelles, projet de collaboration et constitution d'un fonds</subfield>
  </datafield>
  <datafield tag="300" ind1=" " ind2=" ">
    <subfield code="a">222 p.</subfield>
  </datafield>
  <datafield tag="502" ind1=" " ind2=" ">
    <subfield code="9">2005</subfield>
    <subfield code="a">Mémoire de diplôme HES : Haute école de gestion de Genève, 2005 ; TDB 2013</subfield>
  </datafield>
  <datafield tag="520" ind1=" " ind2=" ">
    <subfield code="9">fre</subfield>
    <subfield code="a">Ce travail de diplôme traite de la gestion des dossiers documentaires dans les médiathèques scolaires du cycle d’orientation de l’Etat de Genève. La première partie analyse l’existant ainsi que les besoins concernant les pratiques bibliothéconomiques relatives aux dossiers documentaires. La problématique du manque de temps et les améliorations souhaitées sont mises en avant pour conduire à une présentation et une analyse des différentes manières de gérer les dossiers documentaires en médiathèque scolaire. Dans la seconde partie, les auteurs formulent des recommandations de gestion. Celles-ci se présentent sous forme de quatre scénarii applicables successivement. Le premier scénario, réalisable à très court terme, envisage une harmonisation des fonds. Les suivants proposent tour à tour une collaboration sans, puis avec l’intégration du catalogue collectif, pour finir avec le scénario qui traite de la numérisation des dossiers documentaires. Dans la dernière partie, tout en se basant sur les recommandations du premier scénario, les auteurs présentent leur réalisation pratique d’un fonds de dossiers documentaires pour la médiathèque du cycle d’orientation de Montbrillant. Dans leur conclusion, les auteurs comparent et critiquent enfin les divers scénarii et évoquent les perspectives pour l’avenir.</subfield>
  </datafield>
  <datafield tag="695" ind1=" " ind2=" ">
    <subfield code="9">fre</subfield>
    <subfield code="a">Dossier documentaire ; Médiathèque scolaire ; Collaboration ; Dossier numérique ; Genève</subfield>
  </datafield>
  <datafield tag="700" ind1=" " ind2=" ">
    <subfield code="a">Longmoor, Sarah</subfield>
  </datafield>
  <datafield tag="700" ind1=" " ind2=" ">
    <subfield code="a">Schärer, Helen</subfield>
  </datafield>
  <datafield tag="700" ind1=" " ind2=" ">
    <subfield code="a">Gorin, Michel</subfield>
    <subfield code="e">Dir.</subfield>
  </datafield>
  <datafield tag="700" ind1=" " ind2=" ">
    <subfield code="a">Vassalli,Daniela</subfield>
    <subfield code="e">Codir.</subfield>
  </datafield>
  <datafield tag="700" ind1=" " ind2=" ">
    <subfield code="a">Noetzlin,Maria-Luisa</subfield>
    <subfield code="e">Codir.</subfield>
  </datafield>
  <datafield tag="856" ind1="4" ind2=" ">
    <subfield code="f">1_TD-Montbrillant-2005.pdf</subfield>
    <subfield code="q">application/pdf</subfield>
    <subfield code="s">1181350</subfield>
    <subfield code="u">http://doc.rero.ch/record/5655/files/1_TD-Montbrillant-2005.pdf</subfield>
    <subfield code="y">order:1</subfield>
    <subfield code="z">Texte intégral</subfield>
  </datafield>
  <datafield tag="918" ind1=" " ind2=" ">
    <subfield code="a">Haute école de gestion de Genève</subfield>
    <subfield code="c">Information documentaire</subfield>
    <subfield code="b">Campus de Battelle, Bâtiment F, 7 route de Drize, 1227 Carouge</subfield>
  </datafield>
  <datafield tag="919" ind1=" " ind2=" ">
    <subfield code="a">Haute école de gestion de Genève</subfield>
    <subfield code="b">Genève</subfield>
    <subfield code="d">doc.support@rero.ch</subfield>
  </datafield>
  <datafield tag="980" ind1=" " ind2=" ">
    <subfield code="a">DISSERTATION</subfield>
    <subfield code="b">HEGGE</subfield>
    <subfield code="f">DISS_BACHELOR</subfield>
  </datafield>
  <datafield tag="990" ind1=" " ind2=" ">
    <subfield code="a">20060509085921-KS</subfield>
  </datafield>
</record>