
<record>
  <controlfield tag="001">5654</controlfield>
  <controlfield tag="005">20130211172811.0</controlfield>
  <datafield tag="024" ind1="8" ind2=" ">
    <subfield code="a">oai:doc.rero.ch:20060509115844-AU</subfield>
    <subfield code="p">dissertation</subfield>
    <subfield code="z">cdu1</subfield>
    <subfield code="z">preprint</subfield>
    <subfield code="z">hegge</subfield>
    <subfield code="z">cdu16</subfield>
    <subfield code="z">journal</subfield>
    <subfield code="z">book</subfield>
    <subfield code="z">cdu02</subfield>
    <subfield code="z">thesis</subfield>
    <subfield code="z">report</subfield>
    <subfield code="z">thesis_urn</subfield>
    <subfield code="z">cdu34</subfield>
    <subfield code="z">postprint</subfield>
  </datafield>
  <datafield tag="035" ind1=" " ind2=" ">
    <subfield code="a">R003994269</subfield>
  </datafield>
  <datafield tag="041" ind1=" " ind2=" ">
    <subfield code="a">fre</subfield>
  </datafield>
  <datafield tag="080" ind1=" " ind2=" ">
    <subfield code="a">02</subfield>
  </datafield>
  <datafield tag="100" ind1=" " ind2=" ">
    <subfield code="a">Etienne, Lucie</subfield>
  </datafield>
  <datafield tag="245" ind1=" " ind2=" ">
    <subfield code="9">fre</subfield>
    <subfield code="a">Pour que chacun trouve sa place, pour que chacun trouve sa doc</subfield>
    <subfield code="b">élaboration d'une structure documentaire facilitant l'accès à l'information au sein de l'Association Réalise</subfield>
  </datafield>
  <datafield tag="300" ind1=" " ind2=" ">
    <subfield code="a">2 vol.</subfield>
  </datafield>
  <datafield tag="502" ind1=" " ind2=" ">
    <subfield code="9">2005</subfield>
    <subfield code="a">Mémoire de diplôme HES : Haute école de gestion de Genève, 2005 ; TDB 2015</subfield>
  </datafield>
  <datafield tag="520" ind1=" " ind2=" ">
    <subfield code="9">fre</subfield>
    <subfield code="a">Le présent mémoire relate le projet accompli pour l’Association Réalise dans le cadre d’un travail de diplôme pour le Département Information documentaire de la HEG de Genève. Réalise est une association qui oeuvre pour la réinsertion sociale et professionnelle de personnes faisant face à des problématiques diverses. Les raisons qui ont poussé l’Association à soumettre un mandat à la HEG sont liées à une volonté d’améliorer la gestion de l’information au sein de Réalise, ainsi que de favoriser l’accès et la diffusion de la documentation. Le projet a été mené en plusieurs étapes. Dans un premier temps, une approche théorique a permis de clarifier le mandat, ainsi que de cibler le fonctionnement et les attentes de l’Association concernant la gestion des documents et des archives. Cette phase a permis de mettre en évidence différents besoins qui tendaient vers la création d’un centre de documentation. Elle a également souligné la nécessité de mettre en place des outils adaptés permettant la gestion et la promotion de cette structure documentaire ainsi qu’une meilleure administration des archives. Dans un second temps, ces différentes propositions ont été réalisées de manière concrète dans un laps de temps de cinq semaines. Des réflexions sur les perspectives d’avenir concluent le projet, de même que ce mémoire. Elles évoquent la nécessité de mettre à jour les documents, les outils et les services du centre de documentation pour que ce dernier puisse remplir sa mission première : être utile et utilisé par les collaborateurs de l’Association</subfield>
  </datafield>
  <datafield tag="695" ind1=" " ind2=" ">
    <subfield code="9">fre</subfield>
    <subfield code="a">Réalise ; association ; entreprise ; centre de documentation ; archives</subfield>
  </datafield>
  <datafield tag="700" ind1=" " ind2=" ">
    <subfield code="a">Faeh, Barbara</subfield>
  </datafield>
  <datafield tag="700" ind1=" " ind2=" ">
    <subfield code="a">Gex-Fabry, Sandra</subfield>
  </datafield>
  <datafield tag="700" ind1=" " ind2=" ">
    <subfield code="a">Deferr, Evelyne</subfield>
    <subfield code="e">Dir.</subfield>
  </datafield>
  <datafield tag="700" ind1=" " ind2=" ">
    <subfield code="a">Michaud, Jacqueline</subfield>
    <subfield code="e">Codir.</subfield>
  </datafield>
  <datafield tag="700" ind1=" " ind2=" ">
    <subfield code="a">Fellay, David</subfield>
    <subfield code="e">Codir.</subfield>
  </datafield>
  <datafield tag="700" ind1=" " ind2=" ">
    <subfield code="a">Notarangelo, Maurizio</subfield>
    <subfield code="e">Codir.</subfield>
  </datafield>
  <datafield tag="856" ind1="4" ind2=" ">
    <subfield code="f">1_TD_realise_final.pdf</subfield>
    <subfield code="q">application/pdf</subfield>
    <subfield code="s">545987</subfield>
    <subfield code="u">http://doc.rero.ch/record/5654/files/1_TD_realise_final.pdf</subfield>
    <subfield code="y">order:1</subfield>
    <subfield code="z">Texte intégral</subfield>
  </datafield>
  <datafield tag="856" ind1="4" ind2=" ">
    <subfield code="f">2_TD_realise_annexes.pdf</subfield>
    <subfield code="q">application/pdf</subfield>
    <subfield code="s">3623452</subfield>
    <subfield code="u">http://doc.rero.ch/record/5654/files/2_TD_realise_annexes.pdf</subfield>
    <subfield code="y">order:2</subfield>
    <subfield code="z">Texte intégral</subfield>
  </datafield>
  <datafield tag="918" ind1=" " ind2=" ">
    <subfield code="a">Haute école de gestion de Genève</subfield>
    <subfield code="c">Information documentaire</subfield>
    <subfield code="b">Campus de Battelle, Bâtiment F, 7 route de Drize, 1227 Carouge</subfield>
  </datafield>
  <datafield tag="919" ind1=" " ind2=" ">
    <subfield code="a">Haute école de gestion de Genève</subfield>
    <subfield code="b">Genève</subfield>
    <subfield code="d">doc.support@rero.ch</subfield>
  </datafield>
  <datafield tag="980" ind1=" " ind2=" ">
    <subfield code="a">DISSERTATION</subfield>
    <subfield code="b">HEGGE</subfield>
    <subfield code="f">DISS_BACHELOR</subfield>
  </datafield>
  <datafield tag="990" ind1=" " ind2=" ">
    <subfield code="a">20060509115844-AU</subfield>
  </datafield>
</record>