
<record>
  <controlfield tag="001">5652</controlfield>
  <controlfield tag="005">20130211172811.0</controlfield>
  <datafield tag="024" ind1="8" ind2=" ">
    <subfield code="a">oai:doc.rero.ch:20060509095127-GY</subfield>
    <subfield code="p">dissertation</subfield>
    <subfield code="z">cdu1</subfield>
    <subfield code="z">preprint</subfield>
    <subfield code="z">hegge</subfield>
    <subfield code="z">cdu16</subfield>
    <subfield code="z">journal</subfield>
    <subfield code="z">book</subfield>
    <subfield code="z">cdu02</subfield>
    <subfield code="z">thesis</subfield>
    <subfield code="z">report</subfield>
    <subfield code="z">thesis_urn</subfield>
    <subfield code="z">cdu34</subfield>
    <subfield code="z">postprint</subfield>
  </datafield>
  <datafield tag="035" ind1=" " ind2=" ">
    <subfield code="a">R003994262</subfield>
  </datafield>
  <datafield tag="041" ind1=" " ind2=" ">
    <subfield code="a">fre</subfield>
  </datafield>
  <datafield tag="080" ind1=" " ind2=" ">
    <subfield code="a">02</subfield>
  </datafield>
  <datafield tag="100" ind1=" " ind2=" ">
    <subfield code="a">Praz, Renaud</subfield>
  </datafield>
  <datafield tag="245" ind1=" " ind2=" ">
    <subfield code="9">fre</subfield>
    <subfield code="a">Vinaigrées ou obsolètes, quel avenir pour les archives film et vidéo d'une institution ?</subfield>
    <subfield code="b">le cas du Conseil oecuménique des églises</subfield>
  </datafield>
  <datafield tag="300" ind1=" " ind2=" ">
    <subfield code="a">V, 104 p.</subfield>
  </datafield>
  <datafield tag="502" ind1=" " ind2=" ">
    <subfield code="9">2005</subfield>
    <subfield code="a">Mémoire de diplôme HES : Haute école de gestion de Genève, 2005 ; TDB 2016</subfield>
  </datafield>
  <datafield tag="520" ind1=" " ind2=" ">
    <subfield code="9">fre</subfield>
    <subfield code="a">Le Conseil oecuménique des Églises est une organisation non gouvernementale réunissant 347 Églises dont le siège administratif est à Genève. Il possède environ 2’000 enregistrements film et vidéo. Ces supports risquent de ne plus être lisibles dans quelques années. Le Service Bibliothèque et Archives du COE nous a demandé de définir et d’appliquer un traitement archivistique approprié à ces documents pour en garantir leur conservation et leur diffusion. Après les avoir inventoriés, nous avons défini des critères de sélection et créé des bordereaux de versement et d’élimination. Sur la base d’un échantillon, nous avons appliqué ces critères et procédé au reconditionnement et à la description des supports conservés. Nous avons établi un plan de classement des notices descriptives dans la base de données ScopeArchive. Afin de permettre l’accès à ces documents, nous proposons de les transférer sur de nouveaux supports. Plusieurs entreprises réalisent cette opération. Nous en avons sélectionné cinq et leur avons adressé un appel d’offre. Enfin, nous posons les bases des démarches à entreprendre en vue de l’obtention d’un budget permettant de mettre en oeuvre le traitement de l’ensemble des films et des vidéos.</subfield>
  </datafield>
  <datafield tag="695" ind1=" " ind2=" ">
    <subfield code="9">fre</subfield>
    <subfield code="a">Archives audiovisuelles ; Archives film et vidéo ; Évaluation ; Conservation ; Préservation</subfield>
  </datafield>
  <datafield tag="700" ind1=" " ind2=" ">
    <subfield code="a">Roulet, Aurélie</subfield>
  </datafield>
  <datafield tag="700" ind1=" " ind2=" ">
    <subfield code="a">Dubosson, Françoise</subfield>
    <subfield code="e">Dir.</subfield>
  </datafield>
  <datafield tag="700" ind1=" " ind2=" ">
    <subfield code="a">Léger,Denyse</subfield>
    <subfield code="e">Codir.</subfield>
  </datafield>
  <datafield tag="856" ind1="4" ind2=" ">
    <subfield code="f">1_praz_roulet_COE2005.pdf</subfield>
    <subfield code="q">application/pdf</subfield>
    <subfield code="s">1813965</subfield>
    <subfield code="u">http://doc.rero.ch/record/5652/files/1_praz_roulet_COE2005.pdf</subfield>
    <subfield code="y">order:1</subfield>
    <subfield code="z">Texte intégral</subfield>
  </datafield>
  <datafield tag="918" ind1=" " ind2=" ">
    <subfield code="a">Haute école de gestion de Genève</subfield>
    <subfield code="c">Information documentaire</subfield>
    <subfield code="b">Campus de Battelle, Bâtiment F, 7 route de Drize, 1227 Carouge</subfield>
  </datafield>
  <datafield tag="919" ind1=" " ind2=" ">
    <subfield code="a">Haute école de gestion de Genève</subfield>
    <subfield code="b">Genève</subfield>
    <subfield code="d">doc.support@rero.ch</subfield>
  </datafield>
  <datafield tag="980" ind1=" " ind2=" ">
    <subfield code="a">DISSERTATION</subfield>
    <subfield code="b">HEGGE</subfield>
    <subfield code="f">DISS_BACHELOR</subfield>
  </datafield>
  <datafield tag="990" ind1=" " ind2=" ">
    <subfield code="a">20060509095127-GY</subfield>
  </datafield>
</record>