
<record>
  <controlfield tag="001">5651</controlfield>
  <controlfield tag="005">20130211172811.0</controlfield>
  <datafield tag="024" ind1="8" ind2=" ">
    <subfield code="a">oai:doc.rero.ch:20060509101923-OX</subfield>
    <subfield code="p">dissertation</subfield>
    <subfield code="z">cdu1</subfield>
    <subfield code="z">preprint</subfield>
    <subfield code="z">hegge</subfield>
    <subfield code="z">cdu16</subfield>
    <subfield code="z">journal</subfield>
    <subfield code="z">book</subfield>
    <subfield code="z">cdu02</subfield>
    <subfield code="z">thesis</subfield>
    <subfield code="z">report</subfield>
    <subfield code="z">thesis_urn</subfield>
    <subfield code="z">cdu34</subfield>
    <subfield code="z">postprint</subfield>
  </datafield>
  <datafield tag="035" ind1=" " ind2=" ">
    <subfield code="a">R003993483</subfield>
  </datafield>
  <datafield tag="041" ind1=" " ind2=" ">
    <subfield code="a">fre</subfield>
  </datafield>
  <datafield tag="080" ind1=" " ind2=" ">
    <subfield code="a">02</subfield>
  </datafield>
  <datafield tag="100" ind1=" " ind2=" ">
    <subfield code="a">Gautschi, Mathias</subfield>
  </datafield>
  <datafield tag="245" ind1=" " ind2=" ">
    <subfield code="9">fre</subfield>
    <subfield code="a">Edera, ou De l'animation</subfield>
    <subfield code="b">traitement et proposition de mise en valeur d'un fonds d'archives de la Cinémathèque Suisse</subfield>
  </datafield>
  <datafield tag="300" ind1=" " ind2=" ">
    <subfield code="a">73 p.</subfield>
  </datafield>
  <datafield tag="502" ind1=" " ind2=" ">
    <subfield code="9">2005</subfield>
    <subfield code="a">Mémoire de diplôme HES : Haute école de gestion de Genève, 2005 ; TDB 2017</subfield>
  </datafield>
  <datafield tag="520" ind1=" " ind2=" ">
    <subfield code="9">fre</subfield>
    <subfield code="a">La Cinémathèque Suisse est fortement sollicitée comme dépôt d’archives. Pourtant, ces dernières sont mal connues et mériteraient d’être mieux mises en valeur. Parmi les fonds d’archives qui attendent d’être traités, la Cinémathèque possède notamment le fonds que Bruno Edera, spécialiste en film d’animation, a versé à l’institution. Certains documents qui le composent étant susceptibles d’intéresser un large public, ce fonds d’archives constitue un bon exemple à utiliser pour élaborer une stratégie de diffusion d’archives à la Cinémathèque. Notre tâche a consisté à traiter et à conditionner le fonds Bruno Edera, puis à proposer une solution pour sa mise en valeur. Nous avons effectué pour cela un état des lieux des méthodes de diffusion d’archives les plus fréquemment utilisées,et les avons mises en exergue avec les spécificités du fonds et celles de la Cinémathèque. Enfin, nous avons élaboré une proposition basée principalement sur l’utilisation d’un logiciel de traitement d’archives, solution qui nous paraissait la plus adéquate à utiliser dans ce contexte. Ce mémoire décrit en outre les démarches que nous avons entreprises pourparvenir à cette solution. Il sert également de plan de classement et d’inventaire du fonds d’archives de Bruno Edera.</subfield>
  </datafield>
  <datafield tag="695" ind1=" " ind2=" ">
    <subfield code="9">fre</subfield>
    <subfield code="a">Archives ; Diffusion ; Mise en valeur ; Logiciel ; plan de classement ; inventaire ; Cinémathèque Suisse</subfield>
  </datafield>
  <datafield tag="700" ind1=" " ind2=" ">
    <subfield code="a">Oberson, Jacques</subfield>
  </datafield>
  <datafield tag="700" ind1=" " ind2=" ">
    <subfield code="a">Sala, Gaël</subfield>
  </datafield>
  <datafield tag="700" ind1=" " ind2=" ">
    <subfield code="a">Giroux, Alain</subfield>
    <subfield code="e">Dir.</subfield>
  </datafield>
  <datafield tag="700" ind1=" " ind2=" ">
    <subfield code="a">Roch, Nadia</subfield>
    <subfield code="e">Codir.</subfield>
  </datafield>
  <datafield tag="856" ind1="4" ind2=" ">
    <subfield code="f">1_M__moire.pdf</subfield>
    <subfield code="q">application/pdf</subfield>
    <subfield code="s">259878</subfield>
    <subfield code="u">http://doc.rero.ch/record/5651/files/1_M__moire.pdf</subfield>
    <subfield code="y">order:1</subfield>
    <subfield code="z">Texte intégral</subfield>
  </datafield>
  <datafield tag="856" ind1="4" ind2=" ">
    <subfield code="f">2_Annexes.pdf</subfield>
    <subfield code="q">application/pdf</subfield>
    <subfield code="s">211166</subfield>
    <subfield code="u">http://doc.rero.ch/record/5651/files/2_Annexes.pdf</subfield>
    <subfield code="y">order:2</subfield>
    <subfield code="z">Texte intégral</subfield>
  </datafield>
  <datafield tag="856" ind1="4" ind2=" ">
    <subfield code="f">3_Inventaire.pdf</subfield>
    <subfield code="q">application/pdf</subfield>
    <subfield code="s">148502</subfield>
    <subfield code="u">http://doc.rero.ch/record/5651/files/3_Inventaire.pdf</subfield>
    <subfield code="y">order:3</subfield>
    <subfield code="z">Texte intégral</subfield>
  </datafield>
  <datafield tag="918" ind1=" " ind2=" ">
    <subfield code="a">Haute école de gestion de Genève</subfield>
    <subfield code="c">Information documentaire</subfield>
    <subfield code="b">Campus de Battelle, Bâtiment F, 7 route de Drize, 1227 Carouge</subfield>
  </datafield>
  <datafield tag="919" ind1=" " ind2=" ">
    <subfield code="a">Haute école de gestion de Genève</subfield>
    <subfield code="b">Genève</subfield>
    <subfield code="d">doc.support@rero.ch</subfield>
  </datafield>
  <datafield tag="980" ind1=" " ind2=" ">
    <subfield code="a">DISSERTATION</subfield>
    <subfield code="b">HEGGE</subfield>
    <subfield code="f">DISS_BACHELOR</subfield>
  </datafield>
  <datafield tag="990" ind1=" " ind2=" ">
    <subfield code="a">20060509101923-OX</subfield>
  </datafield>
</record>