
<record>
  <controlfield tag="001">5650</controlfield>
  <controlfield tag="005">20130211172810.0</controlfield>
  <datafield tag="024" ind1="8" ind2=" ">
    <subfield code="a">oai:doc.rero.ch:20060509102918-YV</subfield>
    <subfield code="p">dissertation</subfield>
    <subfield code="z">cdu1</subfield>
    <subfield code="z">preprint</subfield>
    <subfield code="z">hegge</subfield>
    <subfield code="z">cdu16</subfield>
    <subfield code="z">journal</subfield>
    <subfield code="z">book</subfield>
    <subfield code="z">cdu02</subfield>
    <subfield code="z">thesis</subfield>
    <subfield code="z">report</subfield>
    <subfield code="z">thesis_urn</subfield>
    <subfield code="z">cdu34</subfield>
    <subfield code="z">postprint</subfield>
  </datafield>
  <datafield tag="035" ind1=" " ind2=" ">
    <subfield code="a">R003993462</subfield>
  </datafield>
  <datafield tag="041" ind1=" " ind2=" ">
    <subfield code="a">fre</subfield>
  </datafield>
  <datafield tag="080" ind1=" " ind2=" ">
    <subfield code="a">02</subfield>
  </datafield>
  <datafield tag="100" ind1=" " ind2=" ">
    <subfield code="a">Loertscher, Julien</subfield>
  </datafield>
  <datafield tag="245" ind1=" " ind2=" ">
    <subfield code="9">fre</subfield>
    <subfield code="a">Traitement des archives du Centre des études pédagogiques - Etudes pédagogiques secondaires de Genève</subfield>
  </datafield>
  <datafield tag="300" ind1=" " ind2=" ">
    <subfield code="a">81 p.</subfield>
  </datafield>
  <datafield tag="502" ind1=" " ind2=" ">
    <subfield code="9">2005</subfield>
    <subfield code="a">Mémoire de diplôme HES : Haute école de gestion de Genève, 2005 ; TDB 2019</subfield>
  </datafield>
  <datafield tag="520" ind1=" " ind2=" ">
    <subfield code="9">fre</subfield>
    <subfield code="a">L'Institut de Formation des Maîtresses et des Maîtres de l'Enseignement Secondaire (IFMES) du canton de Genève, nous a mandatés en mars 2005 dans le but de traiter le fonds d'archives du Centre des Études Pédagogiques de l'Enseignement Secondaire (recensement, tri, classement, description, conditionnement) en vue de son versement aux Archives d’Etat de Genève (AEG), organe chargé de l’archivage définitif des documents émanant de l’administration genevoise. Notre mémoire relate les différentes étapes de la réalisation de notre mandat. Il présente les résultats de notre analyse des besoins et de l'existant, les difficultés rencontrées dans le travail ainsi que les outils que nous avons élaborés pour le traitement du fonds. Il expose également l'état d'avancement de notre travail, les différentes recommandations et procédures mises en place en vue de la poursuite adéquate du projet, qui sera effectuée par l'organisme mandataire.</subfield>
  </datafield>
  <datafield tag="695" ind1=" " ind2=" ">
    <subfield code="9">fre</subfield>
    <subfield code="a">Archives définitives ; Enseignement ; Formation pédagogique ; Fonds clos</subfield>
  </datafield>
  <datafield tag="700" ind1=" " ind2=" ">
    <subfield code="a">Riondel, Christophe</subfield>
  </datafield>
  <datafield tag="700" ind1=" " ind2=" ">
    <subfield code="a">Sène, Fama Diagne</subfield>
  </datafield>
  <datafield tag="700" ind1=" " ind2=" ">
    <subfield code="a">Giroux, Alain</subfield>
    <subfield code="e">Dir.</subfield>
  </datafield>
  <datafield tag="700" ind1=" " ind2=" ">
    <subfield code="a">Schaller, Anne</subfield>
    <subfield code="e">Codir.</subfield>
  </datafield>
  <datafield tag="700" ind1=" " ind2=" ">
    <subfield code="a">Renevey Fry, Chantal</subfield>
    <subfield code="e">Codir.</subfield>
  </datafield>
  <datafield tag="856" ind1="4" ind2=" ">
    <subfield code="f">1_Copie_de_travail_diplome2005_version_definitive_corrigee_fus.pdf</subfield>
    <subfield code="q">application/pdf</subfield>
    <subfield code="s">1346960</subfield>
    <subfield code="u">http://doc.rero.ch/record/5650/files/1_Copie_de_travail_diplome2005_version_definitive_corrigee_fus.pdf</subfield>
    <subfield code="y">order:1</subfield>
    <subfield code="z">Texte intégral</subfield>
  </datafield>
  <datafield tag="918" ind1=" " ind2=" ">
    <subfield code="a">Haute école de gestion de Genève</subfield>
    <subfield code="c">Information documentaire</subfield>
    <subfield code="b">Campus de Battelle, Bâtiment F, 7 route de Drize, 1227 Carouge</subfield>
  </datafield>
  <datafield tag="919" ind1=" " ind2=" ">
    <subfield code="a">Haute école de gestion de Genève</subfield>
    <subfield code="b">Genève</subfield>
    <subfield code="d">doc.support@rero.ch</subfield>
  </datafield>
  <datafield tag="980" ind1=" " ind2=" ">
    <subfield code="a">DISSERTATION</subfield>
    <subfield code="b">HEGGE</subfield>
    <subfield code="f">DISS_BACHELOR</subfield>
  </datafield>
  <datafield tag="990" ind1=" " ind2=" ">
    <subfield code="a">20060509102918-YV</subfield>
  </datafield>
</record>