
<record>
  <controlfield tag="001">5649</controlfield>
  <controlfield tag="005">20130211172810.0</controlfield>
  <datafield tag="024" ind1="8" ind2=" ">
    <subfield code="a">oai:doc.rero.ch:20060509103817-WL</subfield>
    <subfield code="p">dissertation</subfield>
    <subfield code="z">cdu1</subfield>
    <subfield code="z">preprint</subfield>
    <subfield code="z">hegge</subfield>
    <subfield code="z">cdu16</subfield>
    <subfield code="z">journal</subfield>
    <subfield code="z">book</subfield>
    <subfield code="z">cdu02</subfield>
    <subfield code="z">thesis</subfield>
    <subfield code="z">report</subfield>
    <subfield code="z">thesis_urn</subfield>
    <subfield code="z">cdu34</subfield>
    <subfield code="z">postprint</subfield>
  </datafield>
  <datafield tag="035" ind1=" " ind2=" ">
    <subfield code="a">R003992822</subfield>
  </datafield>
  <datafield tag="041" ind1=" " ind2=" ">
    <subfield code="a">ger</subfield>
  </datafield>
  <datafield tag="080" ind1=" " ind2=" ">
    <subfield code="a">02</subfield>
  </datafield>
  <datafield tag="100" ind1=" " ind2=" ">
    <subfield code="a">Schindler, Kathrin</subfield>
  </datafield>
  <datafield tag="245" ind1=" " ind2=" ">
    <subfield code="9">ger</subfield>
    <subfield code="a">Reorganisation des Archivs der grünen Partei der Schweiz</subfield>
  </datafield>
  <datafield tag="300" ind1=" " ind2=" ">
    <subfield code="a">160 p.</subfield>
  </datafield>
  <datafield tag="502" ind1=" " ind2=" ">
    <subfield code="9">2005</subfield>
    <subfield code="a">Mémoire de diplôme HES : Haute école de gestion de Genève, 2005 ; TDB 2020</subfield>
  </datafield>
  <datafield tag="520" ind1=" " ind2=" ">
    <subfield code="9">ger</subfield>
    <subfield code="a">Die Grüne Partei der Schweiz wurde vor 22 Jahren gegründet und setzt sich seither für die Erhaltung der Lebensgrundlagen und für das Recht aller auf Ressourcennutzung ein. Während dieser Zeit hat sich im Archiv der Partei eine beachtliche Menge an Books und Nonbooks zu diesen Themen angesammelt. Diese Datenträger sollen nun, im Rahmen dieser Diplomarbeit, in der von den Mitarbeitern des Generalsekretariats als Archiv benutzten Papier- und Computerablage reorganisiert werden. Zu Beginn der Arbeit wurde eine Bestandesaufnahme des Archivs realisiert und die spezifischen Bedürfnisse der Mitarbeiter untersucht. Anhand dieser Analysen konnte aufgezeigt werden, welche Änderungen in ihrer Archivführung angestrebt werden müssen. Danach wurde ein neues Ordnungssystem erstellt, welches sowohl in der Papier- wie auch in der Computerablage anwendbar ist. Weiter wurde eine Trennung des aktiven und semiaktiven vom definitiven Archiv vorgenommen, um das Funktionieren dieser Archivteile besser gewährleisten zu können. Zum Schluss wurden Lösungsvorschläge aufgezeigt, wie die Langzeitarchivierung im definitiven Archiv aussehen könnte.</subfield>
  </datafield>
  <datafield tag="695" ind1=" " ind2=" ">
    <subfield code="9">ger</subfield>
    <subfield code="a">Records Management ; Ordnungssystem ; Langzeitarchivierung ; Archivverpackungsmaterial</subfield>
  </datafield>
  <datafield tag="700" ind1=" " ind2=" ">
    <subfield code="a">Schnyder, Barbara</subfield>
  </datafield>
  <datafield tag="700" ind1=" " ind2=" ">
    <subfield code="a">Stucki, Manuela</subfield>
  </datafield>
  <datafield tag="700" ind1=" " ind2=" ">
    <subfield code="a">Rittberger, Marc</subfield>
    <subfield code="e">Dir.</subfield>
  </datafield>
  <datafield tag="700" ind1=" " ind2=" ">
    <subfield code="a">Bader, Gabriela</subfield>
    <subfield code="e">Codir.</subfield>
  </datafield>
  <datafield tag="856" ind1="4" ind2=" ">
    <subfield code="f">1_memoire_040106.pdf</subfield>
    <subfield code="q">application/pdf</subfield>
    <subfield code="s">1118022</subfield>
    <subfield code="u">http://doc.rero.ch/record/5649/files/1_memoire_040106.pdf</subfield>
    <subfield code="y">order:1</subfield>
    <subfield code="z">Texte intégral</subfield>
  </datafield>
  <datafield tag="918" ind1=" " ind2=" ">
    <subfield code="a">Haute école de gestion de Genève</subfield>
    <subfield code="c">Information documentaire</subfield>
    <subfield code="b">Campus de Battelle, Bâtiment F, 7 route de Drize, 1227 Carouge</subfield>
  </datafield>
  <datafield tag="919" ind1=" " ind2=" ">
    <subfield code="a">Haute école de gestion de Genève</subfield>
    <subfield code="b">Genève</subfield>
    <subfield code="d">doc.support@rero.ch</subfield>
  </datafield>
  <datafield tag="980" ind1=" " ind2=" ">
    <subfield code="a">DISSERTATION</subfield>
    <subfield code="b">HEGGE</subfield>
    <subfield code="f">DISS_BACHELOR</subfield>
  </datafield>
  <datafield tag="990" ind1=" " ind2=" ">
    <subfield code="a">20060509103817-WL</subfield>
  </datafield>
</record>