
<record>
  <controlfield tag="001">5648</controlfield>
  <controlfield tag="005">20130211172810.0</controlfield>
  <datafield tag="024" ind1="8" ind2=" ">
    <subfield code="a">oai:doc.rero.ch:20060509105024-TZ</subfield>
    <subfield code="p">dissertation</subfield>
    <subfield code="z">cdu1</subfield>
    <subfield code="z">preprint</subfield>
    <subfield code="z">hegge</subfield>
    <subfield code="z">cdu16</subfield>
    <subfield code="z">journal</subfield>
    <subfield code="z">book</subfield>
    <subfield code="z">cdu02</subfield>
    <subfield code="z">thesis</subfield>
    <subfield code="z">report</subfield>
    <subfield code="z">thesis_urn</subfield>
    <subfield code="z">cdu34</subfield>
    <subfield code="z">postprint</subfield>
  </datafield>
  <datafield tag="035" ind1=" " ind2=" ">
    <subfield code="a">R003992795</subfield>
  </datafield>
  <datafield tag="041" ind1=" " ind2=" ">
    <subfield code="a">fre</subfield>
  </datafield>
  <datafield tag="080" ind1=" " ind2=" ">
    <subfield code="a">02</subfield>
  </datafield>
  <datafield tag="100" ind1=" " ind2=" ">
    <subfield code="a">Bouazria, Ghalia</subfield>
  </datafield>
  <datafield tag="245" ind1=" " ind2=" ">
    <subfield code="9">fre</subfield>
    <subfield code="a">Sources d'informations sur les entreprises genevoises</subfield>
  </datafield>
  <datafield tag="300" ind1=" " ind2=" ">
    <subfield code="a">VI, 101 p.</subfield>
  </datafield>
  <datafield tag="502" ind1=" " ind2=" ">
    <subfield code="9">2005</subfield>
    <subfield code="a">Mémoire de diplôme HES : Haute école de gestion de Genève, 2005 ; TDB 2021</subfield>
  </datafield>
  <datafield tag="520" ind1=" " ind2=" ">
    <subfield code="9">fre</subfield>
    <subfield code="a">A cheval sur les domaines de l’information documentaire et de l’économie d’entreprise, le travail de diplôme s’est intéressé aux sources d’information sur les entreprises, dans une perspective plus particulièrement genevoise. Ainsi, à l’analyse des outils existant sur le marché en matière de fourniture d’information, il faut distinguer deux types d’outils ayant des fonctionnements et des objectifs distincts : ceux des Administrations publiques qui privilégient les aspects de centralisation et de gratuité - mise en ligne de toute l’information nécessaire aux entreprises (type portail) - et ceux des fournisseurs commerciaux dont l’objectif est la commercialisation des données par des processus de recherche et de traitement de l’information (valeur ajoutée). Au niveau genevois, l’analyse des besoins opérée sur une palette d’acteurs économiques locaux permet de suggérer le développement d’un « portail entreprises » centralisant l’information utile aux entreprises. Pour ce qui est de l’information sur les entreprises (répertoire) et de la modernisation de l’outil existant (Répertoire des entreprises du canton de Genève), les besoins perçus semblent pour l’instant se limiter aux données d’ordre général avec cependant un intérêt de plus en plus croissant pour les données de solvabilité. Au niveau de la forme par contre, une attente a été clairement exprimée quant à une modernisation de l’outil et notamment de l’interface de recherche.</subfield>
  </datafield>
  <datafield tag="695" ind1=" " ind2=" ">
    <subfield code="9">fre</subfield>
    <subfield code="a">Etude ; Recherche ; Information ; Documentation ; Economie ; Entreprise ; Renseignements ; Sources ; HEG ; REG ; Genève ; Suisse</subfield>
  </datafield>
  <datafield tag="700" ind1=" " ind2=" ">
    <subfield code="a">Schnyder, David</subfield>
  </datafield>
  <datafield tag="700" ind1=" " ind2=" ">
    <subfield code="a">Bégin, Lucie</subfield>
    <subfield code="e">Dir.</subfield>
  </datafield>
  <datafield tag="700" ind1=" " ind2=" ">
    <subfield code="a">Madinier, Hélène</subfield>
    <subfield code="e">Codir.</subfield>
  </datafield>
  <datafield tag="856" ind1="4" ind2=" ">
    <subfield code="f">1_Memoire_SIEGE.pdf</subfield>
    <subfield code="q">application/pdf</subfield>
    <subfield code="s">1134172</subfield>
    <subfield code="u">http://doc.rero.ch/record/5648/files/1_Memoire_SIEGE.pdf</subfield>
    <subfield code="y">order:1</subfield>
    <subfield code="z">Texte intégral</subfield>
  </datafield>
  <datafield tag="918" ind1=" " ind2=" ">
    <subfield code="a">Haute école de gestion de Genève</subfield>
    <subfield code="c">Information documentaire</subfield>
    <subfield code="b">Campus de Battelle, Bâtiment F, 7 route de Drize, 1227 Carouge</subfield>
  </datafield>
  <datafield tag="919" ind1=" " ind2=" ">
    <subfield code="a">Haute école de gestion de Genève</subfield>
    <subfield code="b">Genève</subfield>
    <subfield code="d">doc.support@rero.ch</subfield>
  </datafield>
  <datafield tag="980" ind1=" " ind2=" ">
    <subfield code="a">DISSERTATION</subfield>
    <subfield code="b">HEGGE</subfield>
    <subfield code="f">DISS_BACHELOR</subfield>
  </datafield>
  <datafield tag="990" ind1=" " ind2=" ">
    <subfield code="a">20060509105024-TZ</subfield>
  </datafield>
</record>