
<record>
  <controlfield tag="001">5634</controlfield>
  <controlfield tag="005">20130211172810.0</controlfield>
  <datafield tag="024" ind1="8" ind2=" ">
    <subfield code="a">oai:doc.rero.ch:20060330110019-IB</subfield>
    <subfield code="p">dissertation</subfield>
    <subfield code="z">cdu1</subfield>
    <subfield code="z">preprint</subfield>
    <subfield code="z">hegge</subfield>
    <subfield code="z">cdu16</subfield>
    <subfield code="z">journal</subfield>
    <subfield code="z">book</subfield>
    <subfield code="z">cdu02</subfield>
    <subfield code="z">thesis</subfield>
    <subfield code="z">report</subfield>
    <subfield code="z">thesis_urn</subfield>
    <subfield code="z">cdu34</subfield>
    <subfield code="z">postprint</subfield>
  </datafield>
  <datafield tag="035" ind1=" " ind2=" ">
    <subfield code="a">R003994309</subfield>
  </datafield>
  <datafield tag="041" ind1=" " ind2=" ">
    <subfield code="a">fre</subfield>
  </datafield>
  <datafield tag="080" ind1=" " ind2=" ">
    <subfield code="a">02</subfield>
  </datafield>
  <datafield tag="100" ind1=" " ind2=" ">
    <subfield code="a">Grolimund, Raphaël</subfield>
  </datafield>
  <datafield tag="245" ind1=" " ind2=" ">
    <subfield code="9">fre</subfield>
    <subfield code="a">10000 titres, une gestion</subfield>
    <subfield code="b">ou La conception de modèles de gestion pour les périodiques scientifiques de l'EPFL</subfield>
  </datafield>
  <datafield tag="300" ind1=" " ind2=" ">
    <subfield code="a">IV, 217 p.</subfield>
  </datafield>
  <datafield tag="502" ind1=" " ind2=" ">
    <subfield code="9">2005</subfield>
    <subfield code="a">Mémoire de diplôme HES : Haute école de gestion de Genève, 2005 ; TDB 2011</subfield>
  </datafield>
  <datafield tag="520" ind1=" " ind2=" ">
    <subfield code="9">fre</subfield>
    <subfield code="a">La Bibliothèque centrale (BC) de l’École polytechnique fédérale de Lausanne(EPFL) a mandaté ce travail afin que soit effectuée, dans un premier temps, une analyse de la collection et de la gestion actuelle des périodiques au sein de l’école et que soient proposés, dans un deuxième temps, des modèles de gestion permettant aux bibliothèques du campus de travailler ensemble, afin de mieux répondre aux besoins des usagers. Notre mémoire présente donc un état de la situation, composé d’un recensement des titres de périodiques disponibles à l’EPFL, d’une analyse de leur utilisation fondée sur les statistiques de consultation des périodiques électroniques et sur les résultats d’un questionnaire diffusé auprès des utilisateurs, ainsi que de l’étude des coûts liés aux périodiques. Nous avons de plus réalisé une synthèse de la littérature professionnelle, qui présente différents aspects de l’édition et de la diffusion des périodiques scientifiques et des exemples de gestion collaborative dans différentes institutions. Puis, nous développons des modèles de gestion s’articulant autour de trois paramètres, qui sont le choix des titres, le financement des abonnements, ainsi que le traitement quotidien des périodiques. La prise en compte de ces paramètres nous a permis d’envisager plusieurs options et de retenir ainsi un modèle de gestion axé sur une plus grande centralisation. Enfin, des remarques et des propositions complémentaires issues de notre réflexion concluent notre travail. Celles-ci visent à donner une portée plus large à notre mémoire en soulignant, par exemple, l’importance de la formation aux utilisateurs dans le cadre de l’utilisation des périodiques.</subfield>
  </datafield>
  <datafield tag="695" ind1=" " ind2=" ">
    <subfield code="9">fre</subfield>
    <subfield code="a">Périodique ; périodique électronique ; bibliothèque scientifique ; gestion collaborative ; EPFL</subfield>
  </datafield>
  <datafield tag="700" ind1=" " ind2=" ">
    <subfield code="a">Malcarne, Sarah</subfield>
  </datafield>
  <datafield tag="700" ind1=" " ind2=" ">
    <subfield code="a">Nari, Pedro</subfield>
  </datafield>
  <datafield tag="700" ind1=" " ind2=" ">
    <subfield code="a">Schaub, Sara</subfield>
  </datafield>
  <datafield tag="700" ind1=" " ind2=" ">
    <subfield code="a">Aymonin, David</subfield>
    <subfield code="e">Dir.</subfield>
  </datafield>
  <datafield tag="700" ind1=" " ind2=" ">
    <subfield code="a">Gheyselinck, Steven</subfield>
    <subfield code="e">Codir.</subfield>
  </datafield>
  <datafield tag="856" ind1="4" ind2=" ">
    <subfield code="f">1_TD_PERIODIQUES_EPFL.pdf</subfield>
    <subfield code="q">application/pdf</subfield>
    <subfield code="s">1114600</subfield>
    <subfield code="u">http://doc.rero.ch/record/5634/files/1_TD_PERIODIQUES_EPFL.pdf</subfield>
    <subfield code="y">order:1</subfield>
    <subfield code="z">Texte intégral</subfield>
  </datafield>
  <datafield tag="918" ind1=" " ind2=" ">
    <subfield code="a">Haute école de gestion de Genève</subfield>
    <subfield code="c">Information documentaire</subfield>
    <subfield code="b">Campus de Battelle, Bâtiment F, 7 route de Drize, 1227 Carouge</subfield>
  </datafield>
  <datafield tag="919" ind1=" " ind2=" ">
    <subfield code="a">Haute école de gestion de Genève</subfield>
    <subfield code="b">Genève</subfield>
    <subfield code="d">doc.support@rero.ch</subfield>
  </datafield>
  <datafield tag="980" ind1=" " ind2=" ">
    <subfield code="a">DISSERTATION</subfield>
    <subfield code="b">HEGGE</subfield>
    <subfield code="f">DISS_BACHELOR</subfield>
  </datafield>
  <datafield tag="990" ind1=" " ind2=" ">
    <subfield code="a">20060330110019-IB</subfield>
  </datafield>
</record>