
<record>
  <controlfield tag="001">5630</controlfield>
  <controlfield tag="005">20130211172810.0</controlfield>
  <datafield tag="024" ind1="8" ind2=" ">
    <subfield code="a">oai:doc.rero.ch:20060504124731-BD</subfield>
    <subfield code="p">dissertation</subfield>
    <subfield code="z">cdu1</subfield>
    <subfield code="z">preprint</subfield>
    <subfield code="z">hegge</subfield>
    <subfield code="z">cdu16</subfield>
    <subfield code="z">journal</subfield>
    <subfield code="z">book</subfield>
    <subfield code="z">cdu02</subfield>
    <subfield code="z">thesis</subfield>
    <subfield code="z">report</subfield>
    <subfield code="z">thesis_urn</subfield>
    <subfield code="z">cdu34</subfield>
    <subfield code="z">postprint</subfield>
  </datafield>
  <datafield tag="035" ind1=" " ind2=" ">
    <subfield code="a">R003994295</subfield>
  </datafield>
  <datafield tag="041" ind1=" " ind2=" ">
    <subfield code="a">fre</subfield>
  </datafield>
  <datafield tag="080" ind1=" " ind2=" ">
    <subfield code="a">02</subfield>
  </datafield>
  <datafield tag="100" ind1=" " ind2=" ">
    <subfield code="a">Ambrosini, Sandrine</subfield>
  </datafield>
  <datafield tag="245" ind1=" " ind2=" ">
    <subfield code="9">fre</subfield>
    <subfield code="a">Cosadoca, Consortium de sauvetage du patrimoine documentaire en cas de catastrophe</subfield>
    <subfield code="b">un site web pour la sauvegarde du patrimoine documentaire : www.cosadoca.ch</subfield>
  </datafield>
  <datafield tag="300" ind1=" " ind2=" ">
    <subfield code="a">150 p.</subfield>
  </datafield>
  <datafield tag="502" ind1=" " ind2=" ">
    <subfield code="9">2005</subfield>
    <subfield code="a">Mémoire de diplôme HES : Haute école de gestion de Genève, 2005 ; TDB 2012</subfield>
  </datafield>
  <datafield tag="520" ind1=" " ind2=" ">
    <subfield code="9">fre</subfield>
    <subfield code="a">En 2003, trois institutions confrontées aux problèmes posés par la sauvegarde du patrimoine documentaire et situées sur le même site géographique se sont regroupées au sein du Consortium de sauvetage du patrimoine documentaire en cas de catastrophe (COSADOCA). Leurs objectifs sont de se prêter secours et assistance par la mise en commun des ressources humaines, matérielles et des compétences dans le domaine de la protection patrimoniale qui recouvre notamment l’intervention en cas de sinistre, l’évacuation et le sauvetage du patrimoine. En avril 2004 est apparu le projet d’une plateforme web propre au consortium. Notre travail de diplôme consistait à créer un site web fonctionnel et ce mémoire présente toutes les étapes suivies, depuis l’analyse des besoins jusqu’à la réalisation du site en passant par l’identification et l’organisation des informations ainsi que la conception du site. En plus de ces étapes propres à la création d’un site web, il s’agissait également de rédiger, sous forme de fiche, les informations pertinentes afin d’apporter des solutions concrètes aux divers problèmes rencontrés par tout professionnel chargé de conserver des documents dans sa pratique quotidienne.</subfield>
  </datafield>
  <datafield tag="695" ind1=" " ind2=" ">
    <subfield code="9">fre</subfield>
    <subfield code="a">Sauvegarde du patrimoine documentaire, plan d’urgence, conservation, préservation, prévention des sinistres, site web</subfield>
  </datafield>
  <datafield tag="700" ind1=" " ind2=" ">
    <subfield code="a">Jeannin, Maurice</subfield>
  </datafield>
  <datafield tag="700" ind1=" " ind2=" ">
    <subfield code="a">Joao-Vidal, Sophie</subfield>
  </datafield>
  <datafield tag="700" ind1=" " ind2=" ">
    <subfield code="a">Boder, Aleksandar</subfield>
    <subfield code="e">Dir.</subfield>
  </datafield>
  <datafield tag="700" ind1=" " ind2=" ">
    <subfield code="a">Mincio, Danielle</subfield>
    <subfield code="e">Codir.</subfield>
  </datafield>
  <datafield tag="856" ind1="4" ind2=" ">
    <subfield code="f">1_td_cosadoca_memoire.pdf</subfield>
    <subfield code="q">application/pdf</subfield>
    <subfield code="s">1449193</subfield>
    <subfield code="u">http://doc.rero.ch/record/5630/files/1_td_cosadoca_memoire.pdf</subfield>
    <subfield code="y">order:1</subfield>
    <subfield code="z">Texte intégral</subfield>
  </datafield>
  <datafield tag="856" ind1="4" ind2=" ">
    <subfield code="f">2_td_cosadoca_fiches.pdf</subfield>
    <subfield code="q">application/pdf</subfield>
    <subfield code="s">734624</subfield>
    <subfield code="u">http://doc.rero.ch/record/5630/files/2_td_cosadoca_fiches.pdf</subfield>
    <subfield code="y">order:2</subfield>
    <subfield code="z">Texte intégral</subfield>
  </datafield>
  <datafield tag="918" ind1=" " ind2=" ">
    <subfield code="a">Haute école de gestion de Genève</subfield>
    <subfield code="c">Information documentaire</subfield>
    <subfield code="b">Campus de Battelle, Bâtiment F, 7 route de Drize, 1227 Carouge</subfield>
  </datafield>
  <datafield tag="919" ind1=" " ind2=" ">
    <subfield code="a">Haute école de gestion de Genève</subfield>
    <subfield code="b">Genève</subfield>
    <subfield code="d">doc.support@rero.ch</subfield>
  </datafield>
  <datafield tag="980" ind1=" " ind2=" ">
    <subfield code="a">DISSERTATION</subfield>
    <subfield code="b">HEGGE</subfield>
    <subfield code="f">DISS_BACHELOR</subfield>
  </datafield>
  <datafield tag="990" ind1=" " ind2=" ">
    <subfield code="a">20060504124731-BD</subfield>
  </datafield>
</record>