
<record>
  <controlfield tag="001">5547</controlfield>
  <controlfield tag="005">20130211172806.0</controlfield>
  <datafield tag="024" ind1="8" ind2=" ">
    <subfield code="a">oai:doc.rero.ch:20060322111302-JH</subfield>
    <subfield code="p">dissertation</subfield>
    <subfield code="z">cdu1</subfield>
    <subfield code="z">preprint</subfield>
    <subfield code="z">hegge</subfield>
    <subfield code="z">cdu16</subfield>
    <subfield code="z">journal</subfield>
    <subfield code="z">book</subfield>
    <subfield code="z">cdu02</subfield>
    <subfield code="z">thesis</subfield>
    <subfield code="z">report</subfield>
    <subfield code="z">thesis_urn</subfield>
    <subfield code="z">cdu34</subfield>
    <subfield code="z">postprint</subfield>
  </datafield>
  <datafield tag="035" ind1=" " ind2=" ">
    <subfield code="a">R003994342</subfield>
  </datafield>
  <datafield tag="041" ind1=" " ind2=" ">
    <subfield code="a">fre</subfield>
  </datafield>
  <datafield tag="080" ind1=" " ind2=" ">
    <subfield code="a">02</subfield>
  </datafield>
  <datafield tag="245" ind1=" " ind2=" ">
    <subfield code="9">fre</subfield>
    <subfield code="a">Mise en valeur et signalétique du libre-accès à la Bibliothèque musicale de la Ville de Genève</subfield>
  </datafield>
  <datafield tag="300" ind1=" " ind2=" ">
    <subfield code="a">2 vol.</subfield>
  </datafield>
  <datafield tag="502" ind1=" " ind2=" ">
    <subfield code="9">2005</subfield>
    <subfield code="a">Mémoire de diplôme HES : Haute école de gestion de Genève, 2005 ; TDB 2010</subfield>
  </datafield>
  <datafield tag="520" ind1=" " ind2=" ">
    <subfield code="9">fre</subfield>
    <subfield code="a">Ce travail de diplôme a comme objectif principal de valoriser et de promouvoir la Bibliothèque musicale, ses collections et son nouvel espace de libre-accès auprès de son public, afin d’en optimiser l’utilisation. Ce travail de valorisation doit aboutir à la mise en place d’une stratégie promotionnelle, à des propositions de signalétique et à la conception d’un flyer. Pour ce faire, l’analyse marketing de la Bibliothèque musicale a permis de comprendre son fonctionnement interne, son environnement externe et le comportement de son public. Elle a contribué à l’identification d’éléments clés sur lesquels baser une stratégie promotionnelle et un plan d’action et de communication. De cette base stratégique découlent deux moyens de promotion visant à promouvoir la Bibliothèque musicale et ses collections. Le flyer a pour but de donner des informations générales sur la bibliothèque, ses collections et ses services, alors que la signalétique a, quant à elle, l’objectif de mettre en valeur les collections du libre-accès et de la salle de lecture, afin de permettre aux lecteurs de s’orienter facilement dans les deux espaces et dans la classification.</subfield>
  </datafield>
  <datafield tag="600" ind1=" " ind2=" ">
    <subfield code="9">650_7</subfield>
    <subfield code="2">rero</subfield>
  </datafield>
  <datafield tag="600" ind1=" " ind2=" ">
    <subfield code="9">650_7</subfield>
    <subfield code="2">rero</subfield>
  </datafield>
  <datafield tag="695" ind1=" " ind2=" ">
    <subfield code="9">fre</subfield>
    <subfield code="a">Bibliothèque musicale – Libre accès – Marketing – Mise en espace – Signalétique
– Optimisation – Utilisation – Promotion – Usager – Utilisateur</subfield>
  </datafield>
  <datafield tag="700" ind1=" " ind2=" ">
    <subfield code="a">Deferr, Evelyne</subfield>
    <subfield code="e">Dir.</subfield>
  </datafield>
  <datafield tag="856" ind1="4" ind2=" ">
    <subfield code="f">1_memoire_final.pdf</subfield>
    <subfield code="q">application/pdf</subfield>
    <subfield code="s">2443433</subfield>
    <subfield code="u">http://doc.rero.ch/record/5547/files/1_memoire_final.pdf</subfield>
    <subfield code="y">order:1</subfield>
    <subfield code="z">Texte intégral</subfield>
  </datafield>
  <datafield tag="856" ind1="4" ind2=" ">
    <subfield code="f">2_Annexes.pdf</subfield>
    <subfield code="q">application/pdf</subfield>
    <subfield code="s">4196486</subfield>
    <subfield code="u">http://doc.rero.ch/record/5547/files/2_Annexes.pdf</subfield>
    <subfield code="y">order:2</subfield>
    <subfield code="z">Texte intégral</subfield>
  </datafield>
  <datafield tag="918" ind1=" " ind2=" ">
    <subfield code="a">Haute école de gestion de Genève</subfield>
    <subfield code="c">Information documentaire</subfield>
    <subfield code="b">Campus de Battelle, Bâtiment F, 7 route de Drize, 1227 Carouge</subfield>
  </datafield>
  <datafield tag="919" ind1=" " ind2=" ">
    <subfield code="a">Haute école de gestion de Genève</subfield>
    <subfield code="b">Genève</subfield>
    <subfield code="d">doc.support@rero.ch</subfield>
  </datafield>
  <datafield tag="980" ind1=" " ind2=" ">
    <subfield code="a">DISSERTATION</subfield>
    <subfield code="b">HEGGE</subfield>
    <subfield code="f">DISS_BACHELOR</subfield>
  </datafield>
  <datafield tag="990" ind1=" " ind2=" ">
    <subfield code="a">20060322111302-JH</subfield>
  </datafield>
</record>
</collection>